3134 4767
1303 93 1821 157 1-24—

442 334 498 377 ν.
539 292 688 377 655.
781 306 1227 391 Spernendum
1273 305 1818 389 consanguineam
1859 304 2243 389 protendere
2292 304 2631 371 dextram?

647 405 652 409 ’
778 413 1002 480 Omnis
1047 413 1271 495 Hiber,
1321 412 1532 478 omnis
1580 411 1823 495 rapidis
1870 410 2006 475 fera
2056 410 2268 476 Gallia
2313 414 2548 507 turmis

777 520 1004 588 Omnis
1052 520 1136 585 ab
1185 520 1511 585 aestifero
1537 518 1767 583 sitiens
1814 517 2011 601 Libys
2058 518 2356 583 imminet
2403 542 2545 586 axe.

777 629 902 693 Per
953 650 1070 693 vos
1096 623 1296 692 culta
1345 626 1454 691 diu
1498 624 1781 690 Rutulae
1828 625 2180 709 primordia
2226 627 2440 709 gentis

779 737 1299 839 Laurentemque
1344 733 1593 798 Larem
1625 736 1692 831 et
1738 732 2051 816 geneticis
2097 733 2371 817 pignora
2421 735 2652 801 Troiae

443 852 503 909 v.
545 845 694 911 660.
790 842 1184 910 Conservate
1231 840 1374 924 pios
1421 843 1546 906 etc.

619 938 970 1051 Rupertius
1020 967 1104 1031 ad
1151 989 1210 1031 v.
1253 966 1478 1031 653——
1493 964 1621 1031 657
1671 964 1949 1029 adnotat
1994 967 2170 1057 recte
2217 987 2476 1031 sensum
2514 966 2642 1033 loei
2680 992 2797 1034 ex-

449 1076 730 1159 plicans:
784 1074 1015 1155 „Quod
1061 1074 1119 1139 si
1163 1072 1352 1138 vobis
1402 1092 1661 1155 quoque
1708 1069 1870 1136 nihil
1916 1071 2334 1158 metuendum
2381 1077 2573 1157 esset,
2631 1078 2699 1141 et
2737 1076 2798 1140 si

447 1181 617 1266 belli,
663 1180 852 1247 vobis
888 1178 1312 1260 imminentis,
1359 1179 1620 1246 flamma
1655 1200 1791 1243 non
1836 1178 1970 1242 iam
2008 1164 2341 1262 erumpere
2388 1181 2578 1263 quasi
2623 1203 2659 1245 e
2703 1183 2799 1247 ci-

446 1288 708 1354 neribus
744 1287 1086 1371 inciperet:
1134 1308 1350 1351 nonne
1393 1285 1670 1350 foederis
1716 1284 1945 1367 religio
1994 1286 2391 1369 originisque
2434 1278 2796 1355 ‘similitudo

449 1419 564 1462 vos
603 1395 689 1460 ad
725 1416 914 1479 opem
952 1391 1142 1459 nobis
1179 1392 1510 1457 ferendam
1546 1391 1821 1457 incitare
1861 1391 2147 1457 debet‘?“
2221 1392 2351 1459 Sed
2396 1394 2597 1460 miror
2646 1410 2795 1463 eum

450 1505 832 1585 ceterosque
888 1500 1275 1583 interpretes
1338 1499 1581 1583 fugisse
1646 1497 1964 1564 orationis
2019 1500 2255 1564 flumen
2310 1502 2605 1567 versibus
2663 1504 2793 1569 656

449 1614 518 1675 et
581 1609 707 1675 657
775 1608 994 1691 inepte
1043 1597 1424 1671 intermitti.
1536 1605 1700 1670 Cum
1775 1604 1973 1670 semel
2036 1605 2233 1673 Silius
2300 1607 2695 1673 abscesserit
2758 1632 2799 1674 a

450 1715 880 1800 periculorum
938 1703 1557 1779 commemoratione
1614 1734 1674 1776 v.
1724 1710 1873 1794 653,
1934 1735 2101 1795 quae
2166 1712 2313 1778 urbi
2367 1713 2614 1780 Romae
2676 1716 2802 1799 ipsi

451 1824 792 1902 instarent,
842 1821 970 1885 nisi
1015 1823 1394 1885 nascentem
1441 1819 1934 1901 exstinguerent
1978 1803 2327 1902 flammam,
2384 1843 2610 1886 rursus
2666 1844 2802 1887 me-

453 1929 726 1998 moriam
783 1927 1032 1992 excitat
1087 1930 1163 1991 ut
1223 1926 1457 2009 oratic,
1518 1926 1703 1995 cuius
1760 1922 2053 1991 membra
2109 1930 2396 1991 ceterum
2442 1932 2584 1993 arte
2630 1929 2801 1995 inter
2898 2015 2901 2017 v

455 2058 522 2101 se
579 2033 950 2114 cohaerent,
1005 2034 1394 2099 inconcinna
1449 2033 1751 2098 exsistat.
1856 2032 2029 2097 Loco
2084 2033 2285 2115 igitur
2340 2056 2487 2099 mea
2544 2036 2803 2118 quidem

457 2142 782 2207 sententia
830 2143 1136 2226 corrupto
1184 2141 1280 2205 ita
1325 2139 1632 2205 medebor
1676 2144 1755 2205 ut
1803 2143 1953 2223 post
1990 2162 2050 2205 v.
2092 2141 2252 2207 652:
2299 2140 2399 2206 Ne
2446 2163 2631 2260 serae
2675 2145 2797 2207 etc.

427 2249 578 2313 *hos
628 2249 790 2313 duos
837 2269 1062 2312 versus
1109 2268 1378 2330 ponam:

761 2352 1030 2435 „Omnis
1074 2353 1295 2435 Hiber,
1345 2353 1554 2418 omnis
1600 2335 1844 2438 rapidis
1890 2352 2027 2417 fera
2076 2351 2288 2419 Gallia
2334 2354 2595 2437 turmiS‚

760 2460 984 2525 Omnis
1031 2460 1117 2525 ab
1165 2454 1469 2525 aestifero
1517 2459 1746 2526 sitiens
1792 2457 1989 2543 Libys
2038 2458 2337 2525 imminet
2382 2482 2525 2526 axe.
2531 2464 2572 2497 “

635 2567 966 2634 Sermonis
1029 2566 1326 2650 partibus
1391 2567 1485 2631 sic
1550 2568 1619 2630 in
1688 2568 1935 2631 certum
1990 2566 2451 2653 melioremque
2516 2568 2805 2633 ordinem

462 2675 782 2755 adductiS,
826 2673 1024 2765 verba
1074 2677 1312 2753 „aucta
1348 2673 1677 2757 pericula“
1718 2671 1789 2738 hi
1824 2668 2049 2764 versus
2089 2674 2278 2756 quasi
2314 2674 2808 2759 interpretaturi

443 2783 820 2863 sequuntur
845 2783 1044 2861 atque
1071 2780 1296 2844 eadem
1315 2780 1573 2845 ratione
1602 2779 1813 2845 verbis
1843 2780 2434 2863 „consanguineam
2465 2770 2805 2847 dextram“

463 2887 773 2953 continuo
823 2886 1295 2969 adiunguntur:

640 2994 764 3058 Per
810 3014 928 3059 vos
975 2991 1154 3057 culta
1201 2992 1312 3057 diu
1359 2994 1483 3058 etc.
2474 3048 2477 3053 .
2621 3016 2649 3033 ⁴

1357 3169 1498 3235 Lib.
1539 3170 1617 3235 Π.
1658 3192 1718 3235 v.
1759 3170 1911 3237 3334

642 3276 806 3344 Cum
851 3276 1054 3359 legati
1099 3276 1542 3343 Romanorum
1586 3276 1793 3342 Fabio
1850 3276 2139 3362 principe
2186 3276 2649 3364 Carthaginem
2696 3282 2812 3346 ad—

465 3386 814 3467 venissent,
872 3384 1179 3449 contione
1237 3387 1600 3449 convocata
1646 3385 1946 3467 Hannon,
2005 3406 2259 3451 summa
2314 3378 2565 3452 invidia
2612 3391 2810 3472 atque

467 3488 628 3557 odio
657 3490 922 3575 capitali
959 3490 1025 3555 in
1049 3490 1482 3556 Hannibalem
1519 3475 1852 3574 incitatus,
1893 3492 2104 3557 suasit
2136 3495 2212 3557 ut
2238 3482 2811 3577 Carthaginienses

467 3621 506 3662 a
542 3597 712 3663 bello
751 3600 995 3663 temere
1033 3600 1101 3662 et
1138 3597 1478 3681 perfidiose
1515 3601 1822 3681 suscepto
1860 3599 2089 3665 statim
2128 3599 2536 3666 desisterent.
2610 3600 2807 3680 Quem

468 3704 794 3787 excipiens
843 3704 1077 3769 Gestar
1124 3704 1359 3787 aliquis
1418 3727 1499 3769 ex
1544 3705 1824 3770 Barcina
1878 3706 2160 3774 factione
2216 3706 2416 3788 illum,
2451 3711 2552 3772 -ut
2598 3728 2811 3772 rerum

467 3812 905 3876 Romanarum
955 3811 1340 3892 studiosum,
1388 3812 1771 3895 gravissime
1820 3812 2104 3896 castigat
2148 3814 2251 3879 his
2298 3813 2544 3892 verbis:

470 3957 528 4001 v.
569 3936 702 4001 330
794 3935 1186 4017 Concilione,
1234 3935 1470 4019 inquit,
1518 3936 1783 4021 Libyae
1809 3937 2133 4021 Tyrioque
2178 3912 2416 4003 senatu

788 4042 915 4107 Pro
963 4042 1222 4126 Superi!
1270 4043 1601 4110 Ausonius
1644 4044 1831 4109 miles
1878 4044 2109 4111 sedet?
2190 4044 2519 4128 Armaque
2556 4046 2814 4109 tantum

791 4149 981 4217 Haud
1021 4151 1172 4215 dum
1211 4153 1472 4239 sumpta
1504 4150 1691 4219 viro?
1738 4172 1889 4217 nam
1928 4152 2147 4220 cetera
2190 4173 2322 4219 non
2368 4150 2537 4217 latet
2582 4146 2813 4221 hostis]
