3134 4767
1263 152 1687 217 ...13Μ

241 378 250 387 ‘
305 387 435 451 quo
482 363 690 449 magis
735 361 1120 431 liberalitati
1174 364 1506 448 indulgere
1561 368 1813 449 posset,
1842 324 2111 431 «multas
2165 388 2269 430 res
2322 362 2645 449 pretiosas

305 495 339 537 e
394 474 574 556 regia
639 473 831 538 domo
900 478 1235 559 promptas
1300 472 1646 537 vendebat.
1759 474 1989 559 Itaque
2055 473 2139 537 ad
2199 472 2369 538 hunc
2434 474 2643 539 virum

303 601 524 644 versus
570 580 662 644 illi
707 581 990 645 maxime
1039 579 1381 664 quadrant

482 723 622 800 Qua
687 722 1158 807 disceptatione
1223 722 1568 806 profligata
1629 744 1775 787 cum
1832 722 2254 789 statuendum
2318 722 2408 788 sit
2472 743 2641 788 anno

303 830 388 894 92
434 852 496 912 p.
546 828 693 900 Chr.
741 851 873 895 non
929 830 1220 913 potuisse
1285 830 1525 898 totum
1580 850 1839 894 carmen
1895 852 1933 894 a
1980 828 2139 897 Silio
2198 828 2442 912 publici
2487 830 2644 894 iuris

302 934 546 1015 factum
585 958 774 1017 esse,
841 938 1177 1020 quaeritur
1233 979 1318 989 —
1373 936 1550 1019 quod
1606 938 1975 1021 proximum
2014 937 2287 1021 ,videtur
2353 958 2492 1002 esse
2555 976 2643 985 —-

301 1063 457 1106 num
509 1041 662 1107 libri
715 1045 852 1108 tres
912 1044 1104 1128 primi
1163 1043 1287 1109 soli
1343 1064 1383 1108 a
1437 1043 1598 1133 Silio
1648 1044 1807 1107 editi
1863 1066 2005 1109 esse
2051 1044 2323 1126 possint.
2436 1044 2643 1123 Quam

302 1148 738 1214 coniecturam
805 1171 1200 1233 quamquam
1265 1150 1546 1233 speciem
1612 1150 1940 1233 quandam
2004 1150 2448 1216 similitudinis
2508 1152 2644 1215 veri

300 1276 455 1337 prae
501 1278 570 1321 se
615 1256 770 1337 fert,
837 1256 1076 1321 idcirco
1136 1256 1310 1340 quod
1358 1255 1506 1320 libri
1554 1260 1689 1321 tres
1736 1257 1927 1340 primi
1973 1255 2277 1321 facillime
2324 1278 2363 1320 a
2410 1258 2643 1322 ceteris

300 1360 482 1426 libris
529 1363 818 1446 separari
863 1366 1139 1447 possunt
1185 1366 1254 1426 et
1298 1363 1590 1428 laudatio
1638 1362 1749 1427 illa
1787 1363 2165 1445 Domitiani,
2214 1385 2412 1447 quam
2448 1364 2641 1447 paulo

302 1471 454 1533 ante
509 1470 860 1534 editionem
916 1469 1231 1536 librorum
1283 1469 1522 1535 litteris
1578 1470 2032 1553 consignatam
2089 1492 2229 1535 esse
2287 1492 2483 1554 supra
2528 1471 2644 1537 do-

301 1574 581 1657 cuimuS,
645 1576 714 1640 in
776 1576 904 1642 fine
965 1575 1120 1642 libri
1183 1577 1340 1641 terti
1396 1580 1646 1657 exstat,
1715 1580 1937 1641 tamen
1993 1599 2125 1642 non
2187 1580 2436 1642 rectam
2502 1600 2641 1643 esse

302 1682 548 1764 opinor.
642 1682 810 1749 Nam
859 1684 915 1748 si
969 1683 1035 1748 id
1090 1682 1353 1749 fecisset
1407 1678 1649 1764 Silius,
1700 1684 2028 1767 putandus
2068 1687 2185 1748 ‘est
2239 1685 2641 1767 prooemium

301 1789 510 1870 operis
565 1789 668 1853 sui
723 1790 1076 1873 separatim
1132 1790 1443 1871 edidisse3
1506 1791 1699 1873 quasi
1763 1791 2079 1873 prooemii
2146 1792 2315 1855 enim
2378 1812 2641 1855 munere

299 1898 433 1959 tres
479 1896 722 1979 primos
767 1895 968 1961 libros
1024 1896 1208 1979 fungi
1261 1896 1553 1980 intellegi
1599 1900 1821 1980 potest
1867 1919 1949 1960 ex
1995 1898 2397 1979 argumentis
2443 1898 2641 1963 libro—

287 2000 460 2083 rum,
512 2025 679 2085 quae
727 2006 1069 2068 attenuate
1112 2025 1462 2086 presseque
1510 2004 1835 2087 explicare
1881 2004 2041 2068 mihi
2087 2004 2301 2068 liceat.

474 2144 693 2210 Primo
730 2144 897 2212 libro
925 2144 1360 2228 Carthaginis,
1393 2146 1577 2211 cuius
1613 2148 1893 2229 patrona
1931 2168 2127 2228 quam
2170 2146 2453 2211 maxime
2492 2168 2641 2229 pro-

296 2250 452 2315 vida
503 2251 664 2317 Iuno
713 2256 842 2333 est,
901 2252 1147 2335 origine
1207 2252 1532 2335 descripta
1589 2254 1657 2316 et
1712 2252 1911 2316 trium
1969 2252 2202 2316 ducum
2250 2252 2637 2331 Poenorum,

297 2355 710 2439 HamilcariS,
767 2358 1194 2424 Hasdrubalis
1251 2360 1387 2423 eius
1444 2358 1693 2441 generi,
1764 2358 2149 2423 Hannibalis
2204 2357 2322 2422 filii
2376 2359 2636 2442 ingenio

297 2466 497 2545 atque
567 2463 782 2529 indole
814 2457 821 2465 ’
859 2466 1178 2530 enarratis
1254 2487 1386 2531 non
1460 2466 1599 2529 sine
1664 2464 2031 2530 fabularum
2111 2469 2365 2546 ornatu,
2441 2465 2639 2531 Silius

295 2568 752 2652 Hannibalem,
810 2572 1054 2637 Iunone
1101 2574 1462 2652 excitante,
1511 2572 1879 2655 Saguntum
1929 2575 2410 2655 oppugnantem
2456 2570 2639 2637 facit?

295 2674 662 2760 Saguntini,
728 2679 975 2743 viribus
1040 2701 1238 2763 prope
1304 2679 1647 2759 confectis,
1714 2679 1989 2744 Romam
2045 2678 2297 2761 legatos
2362 2680 2637 2743 mittunt

296 2783 611 2867 auxilium
657 2785 998 2867 petituros·
1091 2786 1365 2852 Senatui
1408 2786 1705 2851 Romano
1765 2786 1844 2849 de
1898 2785 2215 2849 tradendo
2271 2772 2638 2849 Hannibale

219 2896 248 2917 ⁰
295 2886 755 2971 Carthaginem
801 2889 1194 2973 legationem
1239 2892 1416 2958 mitti
1461 2892 1695 2976 placet.
1772 2893 1951 2970 Quae
1989 2878 2243 2975 pugnae
2279 2891 2635 2974 singulares

295 2998 448 3060 ante
492 2996 858 3079 Saguntum
916 2997 1295 3063 commissae
1351 3000 1513 3079 sint,
1574 3020 1703 3081 quo
1759 2997 1952 3063 modo
2010 2997 2249 3062 bellum
2306 3019 2345 3061 a
2400 2997 2635 3082 legatis

293 3100 603 3169 Romanis
658 3105 724 3167 in
781 3108 1014 3169 senatu
1061 3103 1585 3187 Carthaginiensi
1640 3105 1996 3185 indicatur,
2055 3103 2451 3187 Saguntum,
2507 3104 2633 3170 diis

299 3210 705 3291 --,Iunone
755 3210 1056 3292 Hercule,
1105 3211 1263 3276 Fide
1315 3248 1404 3259 -—-
1459 3212 1618 3295 ipsis
1672 3210 2122 3295 praesentibus
2171 3215 2237 3275 et
2286 3210 2633 3294 Tisiphone

292 3313 460 3380 furia
532 3317 1046 3400 desperationem
1111 3318 1625 3401 Saguntinorum
1685 3318 1755 3383 in
1816 3317 2067 3383 rabiem
2130 3320 2455 3399 vertente,
2522 3338 2634 3382 ex-

292 3426 651 3506 pugnatum
697 3424 804 3506 sit,
853 3426 1135 3490 secundo
1183 3425 1350 3490 libro
1396 3428 1721 3490 narratur.

469 3566 764 3648 Sagunto
821 3566 1032 3633 deleto
1078 3568 1316 3632 Bostar
1370 3568 1438 3631 in
1493 3566 1765 3650 Libyam
1818 3565 2107 3631 mittitur
2162 3566 2245 3631 ad
2301 3565 2631 3632 oraculum

291 3670 462 3737 Iovis
507 3673 916 3756 HammoniS,
983 3673 1311 3739 Hannibal
1377 3674 1591 3739 Gades
1648 3672 1975 3757 profectus
2040 3694 2312 3739 uxorem
2368 3673 2630 3738 Imilcen
2714 3758 2721 3763 .

291 3800 482 3861 aegre
546 3784 939 3862 commovet,
1008 3784 1084 3845 ut
1139 3803 1286 3846 cum
1347 3779 1545 3847 filiolo
1602 3781 1671 3844 in
1733 3780 2014 3864 patriam
2072 3780 2324 3860 redeat,
2396 3780 2533 3864 ipse
2590 3801 2631 3845 a

289 3884 606 3952 Mercurio
682 3888 934 3953 somnio
1010 3888 1093 3952 ad
1158 3886 1398 3953 bellum
1460 3887 1771 3953 Romanis
1836 3886 2236 3952 inferendum
2300 3887 2627 3951 excitatus

287 3997 448 4058 noto
496 3994 726 4059 itinere
784 3994 868 4059 ad
911 3994 1107 4077 Alpes
1161 3996 1486 4079 pervenit,
1543 3996 1614 4057 in
1653 4016 1927 4077 quarum
1974 3995 2195 4075 iugum
2244 3993 2625 4059 duodecimo

289 4098 392 4163 die
429 4100 631 4166 Poeni
669 4101 1045 4167 ascendunt.
1115 4102 1424 4167 Venerem
1463 4101 1540 4165 de
1576 4101 2015 4195 Romanorum
2043 4099 2255 4165 salute
2280 4098 2628 4165 sollicitam

286 4206 530 4291 Iupiter
568 4209 850 4290 oracu10‚
891 4210 1067 4291 quod
1090 4224 1300 4292 supra·
1324 4206 1692 4277 accuratius
1716 4208 2201 4295 explicavimus,
2233 4205 2623 4277 consolatur.
