3134 4767
1235 156 1661 229 -1.9—''

264 378 446 445 libro
493 375 700 445 XXVI
749 400 802 443 c.
843 379 933 444 44
981 380 1050 444 et
1093 380 1180 445 45
1225 378 1597 463 Scipionem
1652 399 1786 444 non
1835 376 2050 443 solum
2094 372 2629 461 virum'smagnae

267 484 708 562 fortitudinis,
783 474 898 550 sed
971 486 1170 551 etiam
1241 506 1515 570 magnae
1580 479 1963 568 prudentiae
2032 522 2113 533 —
2189 483 2393 549 vertit
2456 483 2630 549 enim

271 595 536 657 aestum
589 614 710 658 sua
763 595 995 675 sponte
1052 592 1120 656 in
1174 614 1354 659 mare
1409 591 1747 659 cedentem
1806 592 1873 665 in
1928 590 2295 675 prodigium
2350 612 2427 655 ac
2475 591 2655 657 deos·

269 738 363 747 -—
403 699 608 764 oculis
645 699 961 763 lectorum
997 700 1324 789 proponit5
1401 700 1609 777 Quam
1658 698 2063 763 occasionem
2105 698 2373 763 heroem
2409 700 2631 781 poste-

271 806 468 871 rioris
507 805 899 873 Punicorum
935 806 1144 889 partis
1183 805 1518 889 aptissime
1556 808 1626 869 et
1662 794 2047 889 suavissime
2086 796 2455 869 celebrandi
2497 825 2630 870 non

272 912 854 995 praetermissurus
919 912 1116 977 fuisse
1181 894 1376 996 poeta
1439 911 1601 975 mihi
1665 911 1953 993 videtur,
2018 910 2146 976 nisi
2199 910 2632 987 intellexisset

275 1020 503 1103 paucis
551 1041 628 1084 ea
667 1041 833 1103 quae
869 1018 1092 1096 Livius
1137 1022 1363 1083 narrat
1403 1016 1655 1083 absolvi
1701 1038 1833 1089 non
1878 1038 2089 1101 posse.
2287 1010 2291 1012 ’

455 1118 590 1191 Nec¹
656 1148 790 1194 non
853 1126 1196 1194 brevitatis
1256 1124 1458 1191 studii
1512 1124 1794 1208 vestigia
1847 1145 1949 1190 me
2006 1123 2331 1191 invenisse
2397 1125 2629 1208 opinor

276 1233 348 1297 in
405 1233 783 1299 narratione
841 1232 920 1297 de
975 1232 1256 1298 Tarento
1313 1254 1354 1296 a
1407 1232 1613 1297 Fabio
1668 1230 1957 1297 Maximo
2019 1252 2133 1314 per
2188 1231 2633 1315 proditionem

273 1344 542 1423 recepto
600 1339 886 1406 eiusdem
940 1335 1093 1405 libri
1149 1362 1207 1404 v.
1248 1332 1641 1405 320—333.
1724 1337 1895 1403 ,Cum
1950 1358 2132 1403 amor
2192 1336 2629 1419 mulierculae,

276 1447 463 1513 cuius
509 1446 712 1512 frater
756 1446 826 1511 in
873 1447 1163 1512 exercitu
1201 1446 1388 1510 Fabii
1433 1445 1732 1511 consulis·
1768 1448 1938 1526 erat,
1995 1444 2397 1529 praefectum
2442 1434 2630 1529 prae-

275 1554 431 1619 sidii
477 1554 812 1622 Tarentini
858 1552 1300 1636 commoverit,
1345 1540 1446 1617 ut·
1474 1574 1689 1617 arcem
1734 1550 2045 1617 Romanis
2092 1550 2417 1634 proderet,
2465 1550 2631 1616 haec

277 1660 538 1726 occasio
588 1663 858 1726 ornatus
897 1660 1232 1725 machinas
1270 1658 1581 1725 moliendi
1616 1682 1657 1723 a
1693 1658 1853 1725 Silio
1894 1677 2025 1724 non
2061 1658 2129 1723 in
2167 1679 2355 1724 usum
2393 1661 2633 1725 vocata

277 1768 490 1850 magis
537 1759 752 1851 apti‘or
800 1767 960 1849 erat,
1012 1788 1208 1863 quam
1255 1766 1501 1831 multae
1549 1764 1745 1847 aliae,
1795 1765 2061 1849 quibus
2076 1786 2234 1831 usus
2280 1767 2385 1831 est
2429 1764 2632 1831 Silius

278 1874 346 1937 in
393 1873 930 1939 antecedentibus
967 1856 1172 1938 libris,
1246 1874 1598 1939 Praeterea
1644 1872 1873 1938 eodem
1918 1854 2089 1939 libro
2126 1872 2414 1938 breviter
2459 1874 2635 1937 trac-

277 1980 452 2044 tavit
522 1980 869 2046 historiam
941 1979 1097 2046 belli
1167 2002 1208 2045 a
1269 1980 1581 2048 Romanis
1650 1979 1822 2063 gesti
1885 2000 2035 2044 cum
2094 1978 2416 2064 Philippo,
2482 2000 2633 2063 rege

275 2086 2601 2153 Macedonum..

455 2194 706 2260 Maiore
745 2194 944 2259 etiam
982 2193 1308 2260 brevitate
1345 2194 1556 2259 utitur
1595 2192 1850 2262 Silius
1831 2216 1899 2258 1n
1936 2192 2103 2260 libro
2140 2192 2396 2275 ultimo,
2439 2191 2623 2258 cuius

280 2300 580 2384 exempla
625 2302 908 2365 afferam.
1001 2301 1197 2367 Initio
1245 2300 1397 2378 libri
1442 2304 1796 2385 postquam
1842 2302 2091 2383 septem
2136 2298 2434 2365 versibus
2483 2322 2630 2366 ora-

280 2407 428 2473 cula
481 2407 787 2473 fatidicae
815 2406 1128 2491 ‚Sibyllae
1186 2407 1490 2493 exposuit
1543 2446 1633 2457 -—-
1680 2406 1951 2490 Cybeles
2007 2405 2375 2491 symbolum
2422 2406 2635 2473 Pessi-

277 2517 502 2595 nunte,
545 2534 626 2578 ex
665 2514 901 2599 oppido
933 2513 1273 2599 Phrygiae,
1313 2514 1591 2581 Romam
1619 2513 2091 2581 traducendum
2126 2513 2631 2597 traductumque

281 2614 733 2705 excipiendum
771 2642 912 2686 esse
949 2622 1033 2687 ab
1073 2643 1170 2703 eo,
1220 2643 1410 2705 quem
1441 2621 1771 2705 optimum
1808 2621 2019 2687 virum
2057 2620 2329 2704 elegerit
2366 2622 2633 2686 senatus

277 2729 614 2794 Romanus
681 2766 769 2777 -—-
837 2750 1050 2820 versu*
1106 2730 1340 2794 octavo
1409 2728 1687 2793 lectores
1756 2729 1823 2792 in
1889 2727 2137 2793 medias
2214 2748 2317 2792 res
2387 2725 2633 2810 abripit

280 2833 628 2917 „omnibus
673 2835 918 2916 missis,
977 2856 1145 2919 quae
1191 2836 1259 2900 in
1305 2834 1424 2900 tali
1477 2856 1548 2899 re
1600 2834 1769 2917 fieri,
1826 2833 2199 2917 deliberari,
2256 2832 2631 2919 praeparari

279 2940 560 3023 solent“‚
611 2963 760 3033 cum
807 2941 996 3007 dicit·
2322 2932 2327 2939 ’
2628 2929 2635 2937 “

461 3070 521 3115 v.
564 3055 625 3114 8.
700 3050 888 3133 „Jam
932 3049 1144 3134 petita
1190 3048 1418 3115 aderat
1461 3048 1655 3146 Latia
1698 3050 2007 3172 portante
2054 3046 2312 3133 Cybebe

702 3156 981 3240 ‚,.Puppe
993 3158 1022 3192 “

466 3262 738 3329 Deinde
770 3284 960 3327 versu
1015 3264 1101 3329 48
1149 3262 1345 3329 Silius
1392 3262 1763 3383 Scipionem
1822 3262 1899 3327 de
1946 3260 2171 3329 Sicilia
2218 3261 2635 3334 decedentem

279 3370 468 3452 facit,
531 3370 726 3434 rebus
783 3391 946 3453 quas
1001 3370 1069 3434 in
1115 3368 1338 3435 Sicilia
1393 3372 1462 3435 et
1518 3368 1587 3433 in
1632 3368 1895 3450 Bruttio
1951 3391 2109 3453 agro
2158 3367 2243 3434 ab
2290 3390 2366 3435 eo
2372 3372 2632 3453 sgestas

281 3498 424 3543 esse
471 3480 766 3559 constat,
821 3477 1012 3561 plane
1059 3477 1554 3562 praetermissis,
1664 3476 2141 3542 Traiectionem
2186 3468 2511 3561 Scipionis
2565 3478 2631 3541 in

279 3584 570 3649 A‘fricam
609 3583 832 3667 paucis
871 3583 1166 3649 versibus
1214 3584 1438 3667 attigit
1473 3606 1684 3667 neque
1731 3584 2060 3649 mentione
2100 3584 2329 3667 dignas
2375 3580 2635 3667 putavit

277 3712 412 3771 reS,
449 3692 460 3701 ⁴'
475 3712 638 3773 quas
695 3690 848 3756 huic
902 3690 1220 3777 molimini
1276 3691 1704 3757 antecessisse
1758 3690 1979 3755 Livius
2033 3690 2327 3776 pluribus
2385 3692 2630 3755 narrat.

279 3798 566 3863 Maxime
623 3818 774 3863 vero
831 3798 1120 3865 studium
1177 3819 1373 3881 quam
1429 3797 1759 3863 celerrime
1817 3792 1979 3881 opus
2036 3819 2224 3864 suum
2294 3798 2379 3863 ad
2438 3797 2634 3885 finem

279 3904 581 3989 qualibet
633 3906 890 3971 ratione
943 3906 1334 3990 perducendi
1396 3908 1592 3989 poeta
1657 3888 1974 3971 retexisse
2026 3905 2189 3971 mihi
2252 3905 2511 3971 videtur
2565 3904 2639 3969 in

280 4033 386 4077 vv,
437 4012 569 4077 290
617 4033 784 4095 sqq„
853 4010 954 4076 Ibi
999 3994 1146 4075 curn
1193 4012 1557 4077 narraverit
1602 3996 1915 4077 Venerem
1962 4035 2001 4077 a
2044 4012 2352 4097 Neptuno
2410 4032 2634 4096 preca-

279 4122 424 4183 tam
467 4139 626 4199 esse,
675 4140 755 4182 ne
792 4117 1220 4207 Hannibalem
1259 4117 1724 4201 Carthaginem
1754 4139 2160 4199 reversurum
2194 4118 2387 4186 undis
2419 4119 2636 4203 oppri-

281 4228 511 4307 meret,
560 4225 675 4291 sed
718 4225 1030 4293 Romanis
1075 4224 1460 4291 vincendum
1504 4225 1918 4312 relinqueret,
1966 4225 2059 4293 sic
2106 4226 2345 4311 pergit:

2520 4312 2623 4405 2²⁸2>
