3134 4767
1464 169 1895 233 *14—

497 379 682 472 'Quae
747 377 1127 459 Hannibali,
1207 379 1319 461 qui
1382 370 1655 462 A³lpibus
1730 380 2055 463 superatis
2128 382 2197 444 in
2263 382 2559 449 Taurinis
2634 378 2850 448 castra
2885 376 2899 390 ⁰

500 484 750 567 posuit,
811 484 1048 550 Bostar
1096 508 1177 551 ex
1223 484 1442 565 Africa
1489 474 1783 550 reversus
1830 488 2095 553 nuntiat
2141 488 2219 552 de
2269 492 2506 553 eventu
2552 488 2707 553 belli
2751 489 2848 553 in-

501 592 761 672 stantiS,
811 592 879 655 in
923 592 1049 655 fine
1097 591 1250 657 libri
1295 592 1476 657 tertii
1525 592 1957 676 exponuntur.

618 725 626 747 ν
681 698 927 788 Quarto
968 699 1243 781 denique
1280 697 1448 763 libro
1487 692 1765 765 historia
1804 699 1956 765 belli
1993 700 2063 764 in
2096 700 2290 765 Italia
2326 702 2498 785 gesti
2520 701 2781 789 incipit.

678 804 807 871 Sed
864 800 1172 887 quoniam
1235 804 1436 870 libros
1497 809 1631 870 tres
1688 806 1929 890 primos
1985 829 2119 873 non
2182 790 2537 891 separatim
2593 831 2633 873 a
2686 809 2845 875 Silio

501 912 770 977 emissos
818 932 957 993 esse
1003 934 1118 995 pro
1167 912 1506 996 explorato
1554 911 1899 993 habemUS,
1960 917 2123 997 quot
2182 913 2385 979 libros
2430 928 2599 1006 annno
2648 917 2733 981 92
2780 916 2847 979 in

497 1017 706 1086 lucem
752 1018 1069 1101 prodiisse
1115 1019 1464 1102 putemus?
1540 1018 1719 1098 Quae
1757 1020 2055 1103 quaestio
2095 1042 2253 1085 sane
2291 1020 2669 1112 difficillima
2690 1044 2845 1091 ‚esse

501 1125 660 1189 mihi
698 1125 956 1191 videtur
993 1146 1226 1208 neque,
1269 1116 1435 1208 quae
1477 1129 1579 1191 est
1617 1126 1827 1193 adhuc
1866 1148 2170 1192 ansarum
2208 1132 2276 1193 et
2308 1128 2847 1193 adminiculorum

500 1220 702 1313 ratio,
762 1232 846 1295 ad
899 1232 1215 1315 liquidum
1270 1231 1430 1297 mihi
1487 1234 1916 1317 perducenda.
2010 1232 2171 1299 Cum
2224 1234 2295 1298 in
2338 1236 2553 1317 priore
2600 1236 2847 1318 discep-

462 1339 754 1403 -tatione
798 1360 930 1403 non
976 1340 1114 1403 tam
1159 1338 1228 1402 in
1273 1338 1433 1405 Silio
1482 1362 1678 1421 quam
1735 1326 1802 1403 in
1849 1337 2156 1405 Martiale·
2194 1339 2443 1423 aliquid
2489 1341 2851 1407 adiumenti·

500 1443 953 1525 invenerimUS,
1002 1445 1070 1509 in
1105 1444 1230 1511 hac
1270 1448 1338 1510 et
1376 1468 1413 1509 a
1451 1445 1750 1510 Martiale
1796 1462 2059 1530 prorsus
2108 1448 2530 1513 destituimur.
2568 1451 2636 1513 et
2674 1470 2845 1531 quae

499 1551 642 1617 Silii
688 1573 947 1617 carmen
991 1552 1290 1635 praebet,
1346 1574 1478 1617 non
1534 1552 1865 1619 sufficiunt
1920 1553 2002 1618 ad
2048 1554 2302 1619 firmum
2350 1554 2843 1621 fundamentum

499 1659 910 1725 coniecturae
955 1659 1340 1725 iaciendum.

675 1767 845 1830 Ante
893 1766 1112 1830 omnia
1156 1766 1528 1849 ponendum
1562 1753 1679 1831 uest
1723 1766 2066 1832 historiam
2113 1766 2268 1833 belli
2302 1767 2531 1832 Punici
2577 1768 2843 1834 secundi

497 1871 795 1937 facillime
841 1872 910 1936 in
947 1874 1107 1938 duas
1145 1877 1366 1956 partes
1413 1874 1615 1937 dividi
1651 1870 1870 1957 posse3
1918 1874 2125 1939 altera
2162 1875 2406 1939 nostris
2446 1876 2647 1940 oculis
2693 1896 2843 1959 pro-

497 1980 653 2062 poni
714 1978 1044 2045 Romanos
1111 1979 1400 2045 cladibus
1467 1980 1769 2064 deinceps
1834 1982 2119 2065 acceptis
2184 1981 2546 2063 confectos,
2613 1982 2839 2063 altera,

497 2107 629 2169 qua
683 2086 923 2151 fuerint
979 2087 1224 2151 virtute
1283 2090 1349 2151 et
1404 2087 1809 2169 constantia,
1878 2109 2101 2155 rursus
2156 2089 2454 2153 miranda
2508 2088 2840 2154 celeritate

494 2193 772 2258 refectos
831 2197 897 2258 et
941 2193 1243 2258 victores·
1343 2194 1484 2258 Hac
1537 2215 1607 2259 re
1663 2190 1969 2277 probata,
2038 2194 2219 2260 clade
2276 2194 2597 2259 Cannensi
2653 2195 2840 2277 quasi

493 2296 773 2365 termino
836 2300 1115 2383 priorem
1178 2303 1452 2384 partem,
1494 2301 1967 2383 circumscribi,
2038 2304 2105 2365 et
2170 2302 2389 2367 omnia
2454 2324 2622 2385 quae
2689 2306 2839 2385 post

493 2404 670 2473 illam
725 2428 1055 2512 summam
1100 2408 1540 2472 calamitatem
1587 2407 1763 2473 facta
1811 2411 1993 2489 sunt,
2050 2410 2119 2472 in
2176 2406 2523 2473 secundam
2579 2413 2834 2492 partem

493 2513 723 2578 cadere
769 2535 960 2578 nemo
1009 2508 1109 2578 est
1153 2514 1268 2597 qui
1313 2518 1526 2597 neget.

668 2619 831 2684 Mihi
874 2621 972 2684 ita
1017 2621 1366 2706 reputandi
1409 2624 1887 2706 peropportune
1944 2622 2227 2687 occurrit
2284 2622 2460 2705 quod
2502 2620 2670 2687 libro
2716 2642 2837 2686 un-

486 2715 740 2791 decimo
819 2727 1046 2814 incipit
1113 2728 1310 2793 Silius
1366 2749 1478 2794 eas
1542 2750 1675 2811 res,
1737 2750 1903 2812 quae
1963 2727 2212 2793 cladem
2270 2731 2626 2797 Canensem
2682 2728 2837 2794 sub-

491 2831 963 2916 sequebantur,
1014 2856 1331 2899 enarrare.
1423 2836 1655 2918 Itaque
1699 2819 1832 2901 non
1877 2834 2155 2899 multum
2202 2833 2423 2916 abest,
2481 2836 2636 2917 quin
2683 2856 2836 2901 con-

431 2986 438 2992 -
491 2938 784 3021 iciamus,
834 2961 1066 3024 corpus
1115 2941 1334 3005 decem
1380 2941 1695 3006 librorum
1744 2963 1913 3006 anno
1963 2941 2057 3009 92
2095 2963 2157 3024 p.
2199 2941 2348 3006 Ch'r.
2389 2935 2634 3007 editum
2672 2963 2831 3023 esse,

492 3066 658 3127 quae
712 3046 992 3130 suspicio
1041 3048 1258 3112 nescio
1317 3068 1399 3112 an
1457 3069 1531 3112 eo
1592 3036 1963 3129 adiuvetur,
2030 3048 2205 3131 quod
2252 3047 2587 3115 exordium
2626 3048 2844 3133 quod:

492 3152 640 3217 dam
687 3156 838 3217 ante
886 3174 989 3217 res
1035 3153 1185 3218 libri
1213 3154 1320 3233 xXI
1367 3154 1725 3220 narrandas
1760 3155 2047 3238 positum
2096 3158 2225 3220 est:

754 3259 975 3343 „Nunc
1023 3281 1142 3342 age
1190 3239 1353 3343 quos
1401 3259 1617 3326 clades
1663 3261 1933 3344 insignis
1980 3262 2217 3345 Iapyge
2263 3282 2513 3345 campO,

753 3367 1073 3449 „Verterit
1119 3366 1202 3431 ad
1248 3366 1519 3449 Libyam
1565 3367 1837 3451 populos
1884 3368 2295 3451 Sarranaque
2344 3370 2580 3449 castra,

752 3472 1166 3557 „Expediam
1180 3476 1208 3509 “
1811 3462 1825 3466 ⁸

667 3577 790 3644 cui
825 3580 1234 3645 coniecturae
1281 3580 1480 3645 etiam
1515 3581 1725 3664 magis
1764 3579 1980 3689 favere
2019 3581 2316 3645 videntur
2353 3580 2570 3676 ultimi
2604 3602 2831 3647 versus

486 3684 638 3750 libri
681 3684 778 3751 X.
1592 3750 1613 3767 1

705 3794 917 3877 „Haec
965 3796 1106 3859 tum
1151 3793 1360 3859 Roma
1405 3792 1550 3875 fuit,
1599 3797 1751 3877 post
1794 3798 1863 3859 te
1910 3794 2015 3859 cui
2060 3796 2312 3859 vertere
2357 3814 2570 3860 mores

705 3898 815 3983 „Si
859 3898 1084 3965 stabat
1128 3900 1303 3983 fatis,
1349 3900 1568 3984 potius
1615 3899 1943 3984 Carthago
1992 3922 2303 3965 maneres,
2316 3903 2343 3937 “

661 3950 1214 4072 A”nteoedentibus
1280 4008 1451 4071 enim
1506 4008 1803 4073 versibus
1868 4006 2017 4073 inde
2066 4030 2121 4071 a
2188 4029 2377 4072 versu
2434 4008 2565 4073 640
2629 4006 2827 4072 Silius

483 4115 866 4178 narraverat
927 4117 1224 4181 senatum
1285 4109 1651 4181 Romanum
1727 4114 1909 4179 cuius
1977 4114 2177 4178 animi
2241 4113 2501 4197 publica
2564 4113 2829 4178 miseria

481 4240 616 4285 non
688 4220 957 4287 infracti
1023 4224 1239 4302 erant,
1313 4242 1532 4288 servos
1600 4225 1667 4288 et
1737 4222 2105 4306 „primaeva
2171 4242 2437 4287 suorum
2510 4223 2821 4307 corpora“
