3134 4767
1305 154 1685 217 -9-

833 364 1089 449 Ingenti
1135 365 1372 449 premis
1421 386 1532 432 ore
1577 365 1983 457 perfidosque

834 468 1054 539 Astus
1080 474 1465 575 Hannibalis
1511 474 1813 558 levesque
1860 474 2113 541 Poenos

836 580 1090 663 Magnis
1138 582 1362 646 cedere
1410 582 1589 665 cogis
1634 580 1974 647 Africanis.

499 722 747 801 Quibus
812 722 1028 787 verbis
1094 744 1240 788 cum
1305 710 1510 789 totius
1578 725 1881 789 carminis
1946 723 2178 791 Siliani
2238 744 2497 791 summa
2556 727 2665 790 de-

263 904 280 917 >
322 828 615 911 signetur
662 832 729 893 et
775 829 1030 913 singula
1072 830 1271 895 verba
1309 831 1451 913 ipsa
1495 852 1581 897 ex
1618 831 1776 897 Silio
1816 834 2078 915 sumpta
2120 853 2260 896 esse
2296 831 2663 914 videantur,

323 958 440 1001 suo
488 936 628 1000 iure
675 936 912 1019 aliquis
957 938 1243 1002 coniciat
1288 937 1578 1002 Martiali
1636 939 1767 1003 iam
1812 928 1923 1003 illo
1972 942 2286 1023 tempore,
2345 956 2491 1023 quo·
2532 940 2665 1023 epi-

321 1061 616 1126 gramma
679 1044 1145 1127 composuerit,
1215 1044 1359 1112 Silii
1417 1066 1685 1110 carmen
1760 1048 1973 1110 totum
2040 1044 2144 1111 vel
2208 1030 2343 1110 eius
2412 1049 2666 1130 partem

324 1150 651 1233 quandam
699 1153 851 1215 ante
900 1150 1122 1216 oculos
1159 1151 1386 1223 fuisse.
1482 1154 1691 1231 Quam
1737 1154 2131 1217 sententiam
2180 1152 2508 1237 quomodo
2565 1174 2667 1223 re-

322 1256 635 1337 futemuS,-
673 1280 844 1322 nunc
891 1258 1243 1323 videamus,
1336 1259 1625 1327 Primum
1683 1259 1943 1342 quidem
1992 1280 2098 1339 ea,
2157 1281 2325 1343 quae
2371 1260 2667 1325 versibus

324 1364 601 1448 exprimi
639 1386 679 1427 a
714 1364 873 1431 Silio
912 1364 1230 1429 Martialis
1273 1365 1450 1447 dicit,
1498 1386 1631 1431 non
1678 1387 1941 1433 necesse
1990 1368 2091 1431 est
2132 1366 2307 1431 hunc
2354 1387 2437 1430 ex
2466 1378 2667 1449 'opere

321 1469 451 1534 sibi
506 1472 844 1555 proposito
902 1472 1313 1555 cognovisse,
1381 1474 1495 1537 sed
1557 1472 1861 1537 facillime
1924 1472 2066 1537 fieri
2130 1472 2379 1556 potuit,
2444 1475 2521 1537 ut
2584 1490 2668 1537 ex

323 1577 547 1642 amicis
594 1576 736 1643 Silii
771 1577 1437 1660 vel„recitationibuS,
1487 1579 1553 1643 id
1602 1579 1779 1663 quod
1814 1579 1951 1643 veri
1998 1578 2271 1643 similius
2320 1582 2440 1659 est,
2490 1600 2667 1644 com-

323 1684 580 1767 periret.
695 1684 881 1761 Quae.
931 1707 1077 1749 cum
1142 1685 1226 1750 ab
1283 1687 1506 1751 Asinio
1573 1686 1865 1751 Pollione
1920 1686 2201 1769 Augusti
2264 1687 2666 1769 temporibus

325 1793 725 1858 constitutae
773 1791 858 1856 ab
905 1792 1094 1858 initio
1143 1796 1599 1876 spernerentur
1644 1794 1741 1857 ita
1787 1797 1863 1857 ut
1908 1792 2088 1857 laudi
2133 1793 2552 1873 tribueretur,
2610 1794 2669 1859 si

325 1898 471 1981 quis
518 1920 734 1963 coram
783 1898 1021 1982 populo
1072 1900 1430 1977 declamare
1477 1902 1677 1981 atque
1729 1901 2031 1965 recitaret
2046 1899 2384 1979 noluisset,
2444 1902 2667 1965 tamen

323 2008 554 2089 postea
618 2006 1186 2095 increbrescebant
1261 2009 1329 2071 et
1394 2006 1478 2071 ad
1545 2029 1817 2091 pompas
1884 2007 2075 2090 quasi
2132 2006 2494 2099 'litterarias
2536 2027 2668 2089 ‚ac-

326 2111 664 2177 cedebant.
759 2112 812 2176 A
862 2112 1099 2197 quibus
1154 2134 1288 2179 non
1344 2113 1763 2179 abhorruisse
1819 2113 2049 2180 Silium
2108 2116 2174 2177 et
2230 2135 2342 2196 per
2388 2135 2458 2178 se
2504 2113 2667 2178 satis

326 2222 576 2283 certum
633 2222 734 2284 est
791 2222 858 2283 et
913 2219 1108 2283 Plinii
1164 2220 1350 2303 epist.
1396 2223 1454 2303 7,
1503 2220 1647 2284 libr.
1686 2220 1777 2284 ΙΠ
1832 2216 2279 2301 confirmatur,
2335 2220 2452 2285 ubi
2503 2220 2668 2284 haec

325 2326 527 2391 verba
588 2325 1033 2391 inveniuntur:
1123 2326 1669 2411 „Nonnumquam
1732 2326 1975 2391 iudicia
2030 2326 2373 2392 hominum
2436 2327 2671 2391 recita-

325 2432 616 2497 tionibus
664 2432 1184 2516 experiebatur.“
2298 2435 2305 2453 ’“

503 2572 889 2656 Martialem,
965 2597 1362 2658 quamquam
1416 2574 1703 2642 nondum
1769 2575 1866 2640 ad'
1927 2575 2461 2641 consuetudinem
2526 2552 2699 2640 Silii'

328 2681 646 2747 adductus
694 2683 853 2763 erat,
902 2682 1002 2747 his
1050 2683 1566 2767 recitationibus·
1594 2682 1965 2748 interfuisse
2014 2705 2097 2747 ex
2136 2704 2211 2748 eo
2260 2682 2669 2765 perspicuum

329 2791 451 2868 est,
502 2787 676 2871 quod
722 2810 868 2853 cum
913 2791 1334 2855 recitationes
1381 2790 1741 2855 Domitiani
1788 2793 2005 2854 aetate
2034 2790 2413 2873 plerumque
2451 2792 2671 2855 osten-

328 2895 516 2959 tandi
581 2915 780 2960 causa
841 2896 1049 2980 magis
1116 2919 1311 2979 quam
1376 2897 1617 2962 iudicia
1686 2897 2021 2963 hominum
2087 2897 2487 2963 eruditorum
2559 2918 2670 2959 ex-

329 3002 620 3086 periendi
657 3023 855 3067 causa
900 3003 1128 3068 fierent
1164 3006 1233 3069 et
1260 3004 1715 3069 nonnullorum
1746 3008 2086 3069 auctorum
2112 3004 2287 3068 tanti
2323 3000 2670 3080 interesset

331 3110 413 3173 ad
459 3131 658 3193 quam
703 3110 1055 3175 maximam
1105 3110 1475 3175 auditorum
1521 3110 1955 3194 frequentiam
2002 3132 2198 3193 opera
2242 3096 2549 3189 recitare,
2593 3111 2671 3173 ut

328 3217 602 3300 pecunia
667 3217 824 3293 data
889 3237 1194 3281 coronam
1261 3217 1721 3297 conducerent,
1791 3238 1957 3301 quae
2022 3239 2224 3301 paene
2291 3218 2377 3281 ad
2438 3237 2670 3281 unum-

332 3324 633 3407 quodque
681 3324 952 3415 verbum
997 3324 1438 3409 applauderet,
1493 3324 1813 3390 Martialis
1859 3327 2233 3409 pergratum
2279 3323 2437 3390 Silio
2494 3321 2668 3403 fecit,

332 3431 436 3494 cui
481 3431 576 3501 rei
631 3452 881 3497 summo
931 3453 1121 3515 opere
1177 3432 1512 3513 studebat,
1582 3433 1755 3515 quod
1812 3431 2230 3497 recitationes
2276 3431 2668 3495 Punicorum

330 3558 465 3601 non
500 3539 764 3620 sprevit.
856 3539 1088 3622 Itaque
1136 3560 1363 3604 censeo
1401 3539 1725 3604 Martialis
1765 3561 1989 3603 versus
2036 3538 2183 3603 illos
2228 3560 2362 3603 non
2408 3538 2489 3602 ad
2528 3537 2669 3603 Silii

265 3682 292 3719 .·
331 3643 534 3709 libros
588 3645 720 3710 iam
777 3646 1045 3711 emissos
1099 3646 1468 3710 referendos
1516 3656 1685 3727 esse,
1753 3630 1869 3710 sed*
1912 3646 1993 3710 ad
2041 3645 2272 3738 Silium
2328 3644 2670 3708 etiamtum

331 3752 399 3814 in
461 3752 744 3817 carmine
799 3753 1266 3819 conscribendo
1324 3746 1721 3834 versantem,
1788 3752 1857 3817 id
1918 3753 2092 3836 quod
2154 3749 2495 3817 manifeste
2562 3750 2671 3815 de-

331 3860 684 3923 monstrat:

639 4046 644 4049 .
739 3952 826 4047 vs
849 3986 910 4049 6.
1004 3983 1278 4049 Paulum
1323 3939 1613 4068 seposita
1658 3986 2008 4051 severitate

695 4111 756 4155 v,
809 4092 910 4155 11.
1004 4090 1140 4155 Nec
1185 4094 1376 4157 torva
1420 4091 1560 4176 lege
1607 4092 1822 4158 fronte
1869 4094 1984 4158 sed
2028 4091 2299 4159 remissa

1003 4198 1294 4265 Lascivis
1341 4200 1637 4268 madidos
1684 4200 1845 4267 iocis
1890 4200 2161 4267 libellos.
