3134 4767
1249 152 1671 219 -29-

464 367 830 434 Retinenda
869 371 968 432 est
1005 366 1386 451 particula„
1397 337 1591 433 mox“
1630 367 1925 453 codicum
1955 365 2352 433 auctoritate
2380 350 2633 433 munita

287 480 354 541 et
400 477 608 542 totius
655 475 782 543 loci
829 496 1080 540 conexu
1129 474 1572 559 comprobata.

1172 617 1324 717 Lib.
1363 652 1446 717 IV
1489 674 1550 718 v.
1595 652 1745 719 722.

465 762 627 827 Post
681 773 964 845 pugnam
1021 760 1104 825 ad
1154 759 1454 824 Trebiam
1510 760 1921 825 commissam
1974 762 2250 842 uterque
2307 758 2633 822 exercitus
2689 810 2698 818 ,

287 870 356 933 in
411 868 686 933 hiberna
739 890 810 932 se
867 868 1138 951 recepit,
1197 867 1310 931 sed
1355 868 1515 931 Iuno
1561 867 1993 932 Hannibalem
2046 866 2449 949 requiescere
2502 886 2633 929 non

287 975 478 1056 sinit,
545 956 658 1039 sed
721 975 786 1038 in
856 974 1042 1038 deum
1102 973 1460 1041 Trasimeni
1521 972 1703 1038 lacus
1757 973 2119 1057 praesidem
2184 993 2495 1039 conversa
2552 970 2633 1035 ad

287 1104 495 1148 novas
541 1104 644 1145 res
690 1081 1003 1165 gerendas
1051 1081 1315 1145 excitat.
1409 1079 1512 1145 Ita
1557 1080 1755 1147 Silius
1801 1080 2062 1164 incipit:

501 1188 636 1253 Nec
681 1209 898 1271 regem
943 1186 1245 1253 Afrorum
1289 1188 1654 1261 nascentia
1701 1187 1784 1251 ad
1832 1171 2067 1271 coepta
2112 1188 2407 1251 moratur

491 1295 724 1386 ¹Laude
771 1314 962 1378 super
1008 1297 1200 1359 tanta
1245 1294 1532 1360 monitor
1583 1294 1759 1361 deus

470 1420 657 1499 Quod
719 1420 788 1484 in
845 1419 1178 1485 codicibus
1235 1418 1593 1487 Oxoniensi
1651 1419 1718 1483 et
1770 1420 2104 1484 Puteaneo
2164 1420 2419 1483 exstare
2478 1416 2636 1482 dicit

290 1526 432 1610 Nic.
479 1526 784 1593 Heinsius
851 1526 1275 1609 „nascendaffi
1332 1526 1470 1610 ipse
1525 1522 1715 1590 facile
1747 1526 2043 1605 mutavit
2088 1526 2155 1589 in
2208 1524 2633 1609 „pascenda“,

289 1633 474 1698 cuius
504 1632 890 1716 ‘exemplum
935 1633 1004 1696 in
1051 1632 1339 1698 eiusdem
1384 1632 1534 1697 libri
1580 1654 1639 1697 v.
1682 1632 1843 1699 497:

476 1740 820 1823 „Pascerc
867 1761 986 1805 nec
1032 1740 1289 1807 Poenus
1338 1761 1610 1823 pravum
1658 1761 1733 1805 ac
1779 1739 2035 1804 nutrire
2080 1738 2445 1808 furorcm“

291 1846 614 1911 invenisse
669 1845 796 1911 sibi
851 1846 1217 1911 videbatur.
1338 1846 1466 1913 Sed
1529 1868 1739 1929 neque
1803 1846 1929 1911 hoc
1987 1844 2278 1953 exemplo
2336 1867 2543 1928 neque
2600 1868 2639 1910 a

293 1952 825 2019 Drakenborchio
885 1951 968 2017 ad
1025 1952 1464 2032 coniecturam
1518 1952 1772 2018 Heinsii
1825 1949 2243 2019 firmandam
2265 1974 2346 2017 ex
2402 1954 2637 2034 quarto

292 2058 463 2127 libro
511 2082 572 2125 v.
614 2062 653 2125 9
700 2060 940 2147 petito:
2118 2068 2123 2078 ‘

827 2165 1179 2250 „Pasccre
1227 2183 1598 2236 rumorem
1644 2164 1821 2249 vulgi
1868 2168 2109 2250 pavor“

295 2273 453 2339 mihi
515 2215 855 2358 probaturn
893 2276 1192 2359 „coepta
1255 2275 1554 2363 pascere“
1618 2277 1794 2338 recte
1861 2272 1989 2338 dici
2047 2294 2256 2357 posse.
2350 2270 2641 2339 Draken-

295 2381 628 2462 borchiuS,
704 2380 810 2445 cui
864 2378 1250 2445 ‘coniectura
1315 2378 1393 2443 N.
1450 2380 1704 2445 Heinsii
1766 2401 1898 2446 non
1963 2379 2313 2464 displicet,'
2366 2400 2509 2443 eam
2573 2379 2641 2443 in

295 2490 550 2553 textum
605 2509 739 2553 non
794 2487 1065 2578 recepit,
1123 2486 1238 2551 sed
1294 2485 1468 2570 quod
1515 2486 1795 2570 primum
1839 2487 1909 2551 in
1956 2487 2240 2553 editione
2285 2485 2651 2563 Basileensi·

299 2584 653 2659 invenitur:
710 2594 1111 2679 „noscenda
1158 2594 1240 2658 ad
1287 2595 1584 2678 coepta'“.

472 2720 572 2810 Ex
626 2715 770 2783 aliis
825 2718 968 2785 Silii
1025 2718 1384 2786 editoribus
1431 2718 1811 2784 Lefeburius
1866 2718 2213 2784 lectionem
2275 2718 2637 2803 „nascenda

297 2825 381 2890 ad
419 2828 685 2908 coepta“
733 2825 1078 2891 defendens
1115 2826 1278 2891 satis
1316 2826 1477 2891 mire
1514 2826 2011 2909 interpretatur:
2071 2826 2195 2909 „ad
2229 2846 2385 2890 mox
2420 2824 2643 2891 futura

297 2933 595 3016 coepta“‚
641 2932 941 2997 Ernestio
999 2937 1068 2997 et
1111 2934 1422 3017 Rupertio
1463 2921 1851 3017 '„noscenda
1906 2933 1991 2997 ad
2036 2934 2307 3017 coepta“
2359 2931 2637 3015 placent,

297 3039 478 3104 cuius
533 3038 830 3104 lectionis
884 3040 1052 3105 hanc
1107 3040 1502 3106 sententiam
1557 3061 1697 3104 esse
1752 3038 2103 3124 Rupertuis
2158 3042 2377 3123 putat:
2442 3040 2640 3121 „Iuno

298 3143 728 3211 Hannibalem
772 3167 904 3212 non
949 3149 1271 3229 moratur,
1322 3147 1668 3230 quominus
1714 3146 1755 3211 i.
1796 3168 1850 3211 e.
1890 3146 2309 3227 exhortatur,
2366 3147 2444 3209 ut
2490 3166 2643 3210 con-

297 3251 454 3315 sulis
503 3255 734 3336 coepta
781 3252 916 3347 siue
964 3258 1238 3319 conatus
1286 3254 1552 3338 propius
1598 3256 1831 3319 noscat
1879 3260 2153 3337 eumque
2198 3250 2267 3317 in
2312 3252 2643 3317 Etruriam

299 3359 755 3441 subsequatur.
835 3359 964 3425 Sed
1009 3382 1164 3426 mox
1211 3362 1296 3427 ab
1342 3362 1465 3427 hac
1512 3360 1840 3426 sententia
1886 3361 2189 3425 recedens
2238 3357 2636 3444 „molienda“

298 3486 415 3548 pro
471 3466 871 3547 „noscenda“
924 3467 1158 3550 (prima
1205 3468 1454 3550 syllaba
1491 3467 1675 3533 verbi
1719 3466 2027 3533 moliendi
2066 3464 2389 3552 correpta)
2427 3466 2645 3549 legen-

301 3570 451 3634 dum
499 3575 721 3637 censet
764 3573 889 3639 hoc
936 3595 1157 3639 sensu:
1205 3575 1366 3641 Iuno
1416 3575 1809 3651 adhortatur
1851 3573 2283 3639 Hannibalem
2330 3573 2415 3638 ad
2458 3593 2644 3656 prae-

301 3676 476 3742 clara
530 3677 641 3742 sed
687 3681 904 3762 gravis
951 3680 1304 3747 moliminis
1349 3681 1641 3747 facinora
1689 3673 1989 3747 obeunda
2034 3701 2152 3764 pro
2200 3682 2419 3759 tanta,
2478 3700 2643 3762 quae

299 3783 449 3849 inde
503 3786 848 3866 redundet,
905 3786 1096 3853 laude
1154 3791 1221 3853 et
1274 3788 1546 3871 gloria“.
1642 3788 1772 3855 Sed
1827 3787 2121 3854 similiter
2176 3808 2323 3852 mea
2384 3785 2645 3869 quidem

299 3892 626 3957 sententia
682 3893 990 3977 explicari
1042 3898 1264 3978 potest
1319 3898 1384 3959 et
1441 3896 1738 3961 codicum
1795 3894 2075 3978 vestigia
2131 3894 2337 3977 magis
2394 3895 2640 3958 servat:

307 4000 676 4081 „navanda
730 4000 813 4065 ad
868 4004 1136 4085 coepta“
1201 4002 1374 4086 quod
1440 4002 1604 4066 mihi
1659 4003 1726 4066 in
1790 4003 2073 4066 mentem
2129 4002 2336 4067 venit:
2402 4021 2645 4065 navare

302 4107 536 4189 coepta
579 4127 732 4172 vero
782 4107 1006 4174 eodem
1052 4108 1190 4174 iure
1238 4108 1366 4176 dici
1403 4130 1596 4195 posse
1632 4111 1815 4195 pute,
1860 4129 2075 4195 quc„
2085 4107 2325 4175 bellum
2361 4109 2641 4176 navare“

304 4214 370 4277 et
423 4232 706 4295 „navare
748 4214 1133 4297 flagitium“
