<?xml version="1.0" encoding="UTF-8"?>
<!DOCTYPE html PUBLIC "-//W3C//DTD XHTML 1.0 Transitional//EN"
    "http://www.w3.org/TR/xhtml1/DTD/xhtml1-transitional.dtd">
<html xmlns="http://www.w3.org/1999/xhtml" xml:lang="en" lang="en">
 <head>
  <title>
</title>
<meta http-equiv="Content-Type" content="text/html;charset=utf-8" />
  <meta name='ocr-system' content='tesseract 3.04.00' />
  <meta name='ocr-capabilities' content='ocr_page ocr_carea ocr_par ocr_line ocrx_word'/>
</head>
<body>
  <div class='ocr_page' id='page_1' title='image "./quaestionessili00buchgoog_0034.png"; bbox 0 0 3134 4767; ppageno 0'>
   <div class='ocr_carea' id='block_1_1' title="bbox 1417 124 1840 210">
    <p class='ocr_par' dir='ltr' id='par_1_1' title="bbox 1417 124 1840 210">
     <span class='ocr_line' id='line_1_1' title="bbox 1417 124 1840 210; baseline 0.005 -19"><span class='ocrx_word' id='word_1_1' title='bbox 1417 182 1504 193; x_wconf 76' lang='grc'>...-</span> <span class='ocrx_word' id='word_1_2' title='bbox 1586 124 1675 210; x_wconf 66' lang='grc'>28</span> <span class='ocrx_word' id='word_1_3' title='bbox 1756 180 1840 193; x_wconf 81' lang='lat'>.-</span> 
     </span>
    </p>
   </div>
   <div class='ocr_carea' id='block_1_2' title="bbox 373 332 2841 4298">
    <p class='ocr_par' dir='ltr' id='par_1_2' title="bbox 461 332 2805 870">
     <span class='ocr_line' id='line_1_2' title="bbox 671 332 2798 440; baseline -0 -15"><span class='ocrx_word' id='word_1_4' title='bbox 671 358 780 425; x_wconf 83' lang='lat' dir='ltr'>Sic</span> <span class='ocrx_word' id='word_1_5' title='bbox 835 358 1088 424; x_wconf 90' lang='lat' dir='ltr'>codices</span> <span class='ocrx_word' id='word_1_6' title='bbox 1137 337 1376 424; x_wconf 88' lang='grc'>01111166.</span> <span class='ocrx_word' id='word_1_7' title='bbox 1473 356 1849 422; x_wconf 87' lang='lat' dir='ltr'>Ceterorum</span> <span class='ocrx_word' id='word_1_8' title='bbox 1892 332 2331 440; x_wconf 71' lang='lat' dir='ltr'>interpretum</span> <span class='ocrx_word' id='word_1_9' title='bbox 2386 358 2798 439; x_wconf 84' lang='grc'>6011166111116,</span> 
     </span>
     <span class='ocr_line' id='line_1_3' title="bbox 461 463 2805 548; baseline 0 -19"><span class='ocrx_word' id='word_1_10' title='bbox 461 474 626 548; x_wconf 82' lang='lat' dir='ltr'>quae</span> <span class='ocrx_word' id='word_1_11' title='bbox 673 464 836 529; x_wconf 87' lang='lat' dir='ltr'>nihil</span> <span class='ocrx_word' id='word_1_12' title='bbox 881 464 1230 530; x_wconf 83' lang='lat' dir='ltr'>verisimile</span> <span class='ocrx_word' id='word_1_13' title='bbox 1276 464 1556 544; x_wconf 87' lang='lat' dir='ltr'>habent,</span> <span class='ocrx_word' id='word_1_14' title='bbox 1614 463 1900 543; x_wconf 91' lang='lat' dir='ltr'>omissis,</span> <span class='ocrx_word' id='word_1_15' title='bbox 1959 464 2041 529; x_wconf 88' lang='lat' dir='ltr'>ad</span> <span class='ocrx_word' id='word_1_16' title='bbox 2087 463 2307 529; x_wconf 89' lang='lat' dir='ltr'>Lenzii</span> <span class='ocrx_word' id='word_1_17' title='bbox 2364 464 2805 531; x_wconf 81' lang='lat' dir='ltr'>coniecturam</span> 
     </span>
     <span class='ocr_line' id='line_1_4' title="bbox 463 550 2803 655; baseline 0 -19"><span class='ocrx_word' id='word_1_18' title='bbox 463 572 773 636; x_wconf 81' lang='lat' dir='ltr'>adeamus</span> <span class='ocrx_word' id='word_1_19' title='bbox 828 572 894 635; x_wconf 91' lang='lat' dir='ltr'>in</span> <span class='ocrx_word' id='word_1_20' title='bbox 939 571 1260 637; x_wconf 86' lang='lat' dir='ltr'>Addendis</span> <span class='ocrx_word' id='word_1_21' title='bbox 1310 575 1378 635; x_wconf 91' lang='lat' dir='ltr'>et</span> <span class='ocrx_word' id='word_1_22' title='bbox 1425 569 1845 653; x_wconf 80' lang='lat' dir='ltr'>Corrigendis&#39;</span> <span class='ocrx_word' id='word_1_23' title='bbox 1884 592 1923 634; x_wconf 90' lang='lat' dir='ltr'>a</span> <span class='ocrx_word' id='word_1_24' title='bbox 1968 569 2283 654; x_wconf 87' lang='lat' dir='ltr'>Rupertio</span> <span class='ocrx_word' id='word_1_25' title='bbox 2330 550 2414 635; x_wconf 45' lang='lat' dir='ltr'>in*</span> <span class='ocrx_word' id='word_1_26' title='bbox 2444 571 2803 655; x_wconf 83' lang='lat' dir='ltr'>appendice</span> 
     </span>
     <span class='ocr_line' id='line_1_5' title="bbox 461 676 2803 766; baseline 0 -25"><span class='ocrx_word' id='word_1_27' title='bbox 461 678 764 766; x_wconf 76' lang='lat' dir='ltr'>editionis</span> <span class='ocrx_word' id='word_1_28' title='bbox 820 679 1136 744; x_wconf 87' lang='lat' dir='ltr'>notatam.</span> <span class='ocrx_word' id='word_1_29' title='bbox 1231 678 1294 742; x_wconf 91' lang='lat' dir='ltr'>Is</span> <span class='ocrx_word' id='word_1_30' title='bbox 1347 677 1647 742; x_wconf 87' lang='lat' dir='ltr'>voculam</span> <span class='ocrx_word' id='word_1_31' title='bbox 1710 676 2049 760; x_wconf 84' lang='lat' dir='ltr'>„vulgum“</span> <span class='ocrx_word' id='word_1_32' title='bbox 2106 698 2139 741; x_wconf 94' lang='lat' dir='ltr'>e</span> <span class='ocrx_word' id='word_1_33' title='bbox 2194 676 2410 759; x_wconf 81' lang='lat' dir='ltr'>glossa</span> <span class='ocrx_word' id='word_1_34' title='bbox 2465 678 2803 762; x_wconf 83' lang='lat' dir='ltr'>irrepsisse</span> 
     </span>
     <span class='ocr_line' id='line_1_6' title="bbox 461 769 1459 870; baseline -0.001 -21"><span class='ocrx_word' id='word_1_35' title='bbox 461 769 830 870; x_wconf 80' lang='lat' dir='ltr'>suspicatur</span> <span class='ocrx_word' id='word_1_36' title='bbox 874 788 943 849; x_wconf 88' lang='lat' dir='ltr'>et</span> <span class='ocrx_word' id='word_1_37' title='bbox 986 785 1082 849; x_wconf 89' lang='lat' dir='ltr'>ita</span> <span class='ocrx_word' id='word_1_38' title='bbox 1129 784 1459 849; x_wconf 90' lang='lat' dir='ltr'>emendat:</span> 
     </span>
    </p>

    <p class='ocr_par' dir='ltr' id='par_1_3' title="bbox 460 890 2803 1190">
     <span class='ocr_line' id='line_1_7' title="bbox 637 890 2640 976; baseline -0.001 -19"><span class='ocrx_word' id='word_1_39' title='bbox 637 891 1064 976; x_wconf 87' lang='lat' dir='ltr'>Cornipedem</span> <span class='ocrx_word' id='word_1_40' title='bbox 1123 890 1524 973; x_wconf 88' lang='lat' dir='ltr'>adloquitur:</span> <span class='ocrx_word' id='word_1_41' title='bbox 1592 894 1669 955; x_wconf 93' lang='lat' dir='ltr'>tu</span> <span class='ocrx_word' id='word_1_42' title='bbox 1713 890 1991 956; x_wconf 90' lang='lat' dir='ltr'>Martem</span> <span class='ocrx_word' id='word_1_43' title='bbox 2048 891 2268 973; x_wconf 87' lang='lat' dir='ltr'>linque</span> <span class='ocrx_word' id='word_1_44' title='bbox 2324 892 2640 956; x_wconf 85' lang='lat' dir='ltr'>minorem</span> 
     </span>
     <span class='ocr_line' id='line_1_8' title="bbox 460 997 2803 1131; baseline -0.001 -68"><span class='ocrx_word' id='word_1_45' title='bbox 460 998 614 1083; x_wconf 88' lang='lat' dir='ltr'>(vel:</span> <span class='ocrx_word' id='word_1_46' title='bbox 690 1003 765 1063; x_wconf 88' lang='lat' dir='ltr'>tu</span> <span class='ocrx_word' id='word_1_47' title='bbox 836 1003 1080 1063; x_wconf 89' lang='lat' dir='ltr'>mortes</span> <span class='ocrx_word' id='word_1_48' title='bbox 1136 998 1353 1081; x_wconf 87' lang='lat' dir='ltr'>linque</span> <span class='ocrx_word' id='word_1_49' title='bbox 1415 998 1697 1063; x_wconf 89' lang='lat' dir='ltr'>minores</span> <span class='ocrx_word' id='word_1_50' title='bbox 1764 997 1805 1061; x_wconf 94' lang='lat' dir='ltr'>i.</span> <span class='ocrx_word' id='word_1_51' title='bbox 1864 1020 1917 1062; x_wconf 94' lang='lat' dir='ltr'>e.</span> <span class='ocrx_word' id='word_1_52' title='bbox 1980 997 2199 1063; x_wconf 89' lang='lat' dir='ltr'>desine</span> <span class='ocrx_word' id='word_1_53' title='bbox 2262 1001 2549 1131; x_wconf 85' lang='lat' dir='ltr'>stragem</span> <span class='ocrx_word' id='word_1_54' title='bbox 2614 997 2803 1063; x_wconf 89' lang='lat' dir='ltr'>edere</span> 
     </span>
     <span class='ocr_line' id='line_1_9' title="bbox 460 1104 890 1190; baseline 0.002 -21"><span class='ocrx_word' id='word_1_55' title='bbox 460 1104 890 1190; x_wconf 84' lang='lat' dir='ltr'>ignobilium).</span> 
     </span>
    </p>

    <p class='ocr_par' dir='ltr' id='par_1_4' title="bbox 458 1204 2841 1615">
     <span class='ocr_line' id='line_1_10' title="bbox 643 1204 2841 1296; baseline -0 -19.983"><span class='ocrx_word' id='word_1_56' title='bbox 643 1211 836 1295; x_wconf 87' lang='lat' dir='ltr'>„,Nos</span> <span class='ocrx_word' id='word_1_57' title='bbox 879 1212 1199 1294; x_wconf 86' lang='lat' dir='ltr'>Ga1gane,</span> <span class='ocrx_word' id='word_1_58' title='bbox 1239 1216 1480 1277; x_wconf 85' lang='lat' dir='ltr'>vocant</span> <span class='ocrx_word' id='word_1_59' title='bbox 1517 1204 1749 1296; x_wconf 86' lang='lat' dir='ltr'>Superi</span> <span class='ocrx_word' id='word_1_60' title='bbox 1786 1212 1869 1277; x_wconf 91' lang='lat' dir='ltr'>ad</span> <span class='ocrx_word' id='word_1_61' title='bbox 1906 1211 2157 1277; x_wconf 92' lang='lat' dir='ltr'>maiora</span> <span class='ocrx_word' id='word_1_62' title='bbox 2194 1211 2259 1276; x_wconf 91' lang='lat' dir='ltr'>h.</span> <span class='ocrx_word' id='word_1_63' title='bbox 2300 1234 2357 1275; x_wconf 91' lang='grc'>6.</span> <span class='ocrx_word' id='word_1_64' title='bbox 2398 1211 2482 1275; x_wconf 91' lang='lat' dir='ltr'>ad</span> <span class='ocrx_word' id='word_1_65' title='bbox 2521 1210 2804 1295; x_wconf 80' lang='lat' dir='ltr'>Cryxum</span> <span class='ocrx_word' id='word_1_66' title='bbox 2837 1240 2841 1245; x_wconf 94' lang='lat'><em>·</em></span> 
     </span>
     <span class='ocr_line' id='line_1_11' title="bbox 460 1262 2805 1403; baseline -0.002 -20"><span class='ocrx_word' id='word_1_67' title='bbox 460 1262 1024 1401; x_wconf 66' lang='lat' dir='ltr'>aggre”diendum.“</span> <span class='ocrx_word' id='word_1_68' title='bbox 1107 1320 1284 1397; x_wconf 82' lang='lat' dir='ltr'>Quae</span> <span class='ocrx_word' id='word_1_69' title='bbox 1323 1319 1715 1401; x_wconf 85' lang='lat' dir='ltr'>coniectura,</span> <span class='ocrx_word' id='word_1_70' title='bbox 1766 1340 1805 1383; x_wconf 93' lang='lat' dir='ltr'>a</span> <span class='ocrx_word' id='word_1_71' title='bbox 1853 1318 2164 1403; x_wconf 87' lang='lat' dir='ltr'>Rupertio</span> <span class='ocrx_word' id='word_1_72' title='bbox 2206 1300 2597 1402; x_wconf 78' lang='lat' dir='ltr'>improbata,</span> <span class='ocrx_word' id='word_1_73' title='bbox 2642 1316 2805 1381; x_wconf 90' lang='lat' dir='ltr'>mihi</span> 
     </span>
     <span class='ocr_line' id='line_1_12' title="bbox 459 1424 2804 1509; baseline 0 -20"><span class='ocrx_word' id='word_1_74' title='bbox 459 1447 863 1509; x_wconf 83' lang='lat' dir='ltr'>summopere</span> <span class='ocrx_word' id='word_1_75' title='bbox 919 1425 1271 1506; x_wconf 78' lang='lat' dir='ltr'>blanditur,</span> <span class='ocrx_word' id='word_1_76' title='bbox 1333 1426 1462 1491; x_wconf 89' lang='lat' dir='ltr'>nisi</span> <span class='ocrx_word' id='word_1_77' title='bbox 1516 1425 1693 1508; x_wconf 88' lang='lat' dir='ltr'>quod</span> <span class='ocrx_word' id='word_1_78' title='bbox 1748 1425 1886 1490; x_wconf 91' lang='lat' dir='ltr'>sine</span> <span class='ocrx_word' id='word_1_79' title='bbox 1941 1426 2118 1490; x_wconf 85' lang='lat' dir='ltr'>iusta</span> <span class='ocrx_word' id='word_1_80' title='bbox 2174 1446 2371 1490; x_wconf 88' lang='lat' dir='ltr'>causa</span> <span class='ocrx_word' id='word_1_81' title='bbox 2416 1424 2515 1489; x_wconf 87' lang='lat' dir='ltr'>vir</span> <span class='ocrx_word' id='word_1_82' title='bbox 2572 1424 2804 1489; x_wconf 88' lang='lat' dir='ltr'>doctus</span> 
     </span>
     <span class='ocr_line' id='line_1_13' title="bbox 458 1531 2591 1615; baseline 0.001 -20"><span class='ocrx_word' id='word_1_83' title='bbox 458 1531 648 1615; x_wconf 90' lang='lat' dir='ltr'>longe</span> <span class='ocrx_word' id='word_1_84' title='bbox 695 1555 734 1596; x_wconf 90' lang='lat' dir='ltr'>a</span> <span class='ocrx_word' id='word_1_85' title='bbox 781 1532 1076 1598; x_wconf 89' lang='lat' dir='ltr'>codicum</span> <span class='ocrx_word' id='word_1_86' title='bbox 1122 1532 1400 1597; x_wconf 90' lang='lat' dir='ltr'>lectione</span> <span class='ocrx_word' id='word_1_87' title='bbox 1449 1534 1720 1597; x_wconf 76' lang='lat' dir='ltr'>recessit</span> <span class='ocrx_word' id='word_1_88' title='bbox 1767 1554 2036 1615; x_wconf 87' lang='lat' dir='ltr'>eamque</span> <span class='ocrx_word' id='word_1_89' title='bbox 2083 1532 2387 1598; x_wconf 85' lang='lat' dir='ltr'>mutavit.</span> <span class='ocrx_word' id='word_1_90' title='bbox 2586 1540 2591 1547; x_wconf 82' lang='grc'><em>’</em></span> 
     </span>
    </p>

    <p class='ocr_par' dir='ltr' id='par_1_5' title="bbox 373 1637 2806 3554">
     <span class='ocr_line' id='line_1_14' title="bbox 637 1637 2805 1723; baseline -0.001 -18"><span class='ocrx_word' id='word_1_91' title='bbox 637 1637 938 1706; x_wconf 86' lang='lat' dir='ltr'>Glossam</span> <span class='ocrx_word' id='word_1_92' title='bbox 993 1639 1164 1704; x_wconf 89' lang='lat' dir='ltr'>enim</span> <span class='ocrx_word' id='word_1_93' title='bbox 1220 1638 1345 1705; x_wconf 90' lang='lat' dir='ltr'>hoc</span> <span class='ocrx_word' id='word_1_94' title='bbox 1381 1638 1544 1707; x_wconf 70' lang='lat' dir='ltr'>‚loco</span> <span class='ocrx_word' id='word_1_95' title='bbox 1602 1638 1905 1704; x_wconf 87' lang='lat' dir='ltr'>facillime</span> <span class='ocrx_word' id='word_1_96' title='bbox 1959 1639 2117 1705; x_wconf 91' lang='lat' dir='ltr'>oriri</span> <span class='ocrx_word' id='word_1_97' title='bbox 2170 1639 2462 1723; x_wconf 88' lang='lat' dir='ltr'>potuisse</span> <span class='ocrx_word' id='word_1_98' title='bbox 2509 1637 2654 1722; x_wconf 86' lang='lat' dir='ltr'>quis</span> <span class='ocrx_word' id='word_1_99' title='bbox 2703 1640 2805 1703; x_wconf 88' lang='lat' dir='ltr'>est</span> 
     </span>
     <span class='ocr_line' id='line_1_15' title="bbox 459 1745 2806 1831; baseline -0 -21"><span class='ocrx_word' id='word_1_100' title='bbox 459 1745 574 1829; x_wconf 87' lang='lat' dir='ltr'>qui</span> <span class='ocrx_word' id='word_1_101' title='bbox 618 1746 861 1829; x_wconf 75' lang='lat' dir='ltr'>neget?</span> <span class='ocrx_word' id='word_1_102' title='bbox 954 1745 1288 1812; x_wconf 86' lang='lat' dir='ltr'>Librarius</span> <span class='ocrx_word' id='word_1_103' title='bbox 1337 1746 1624 1829; x_wconf 90' lang='lat' dir='ltr'>quidam,</span> <span class='ocrx_word' id='word_1_104' title='bbox 1673 1747 1787 1829; x_wconf 87' lang='lat' dir='ltr'>qui</span> <span class='ocrx_word' id='word_1_105' title='bbox 1830 1746 1993 1830; x_wconf 90' lang='lat' dir='ltr'>legit</span> <span class='ocrx_word' id='word_1_106' title='bbox 2039 1745 2266 1812; x_wconf 90' lang='lat' dir='ltr'>verba:</span> <span class='ocrx_word' id='word_1_107' title='bbox 2324 1746 2639 1831; x_wconf 83' lang='lat' dir='ltr'>„Martem</span> <span class='ocrx_word' id='word_1_108' title='bbox 2682 1746 2806 1810; x_wconf 91' lang='lat' dir='ltr'>mi-</span> 
     </span>
     <span class='ocr_line' id='line_1_16' title="bbox 455 1852 2803 1939; baseline -0 -23"><span class='ocrx_word' id='word_1_109' title='bbox 455 1856 720 1919; x_wconf 90' lang='lat' dir='ltr'>norem“</span> <span class='ocrx_word' id='word_1_110' title='bbox 790 1853 1250 1937; x_wconf 73' lang='lat' dir='ltr'>suprascripsit</span> <span class='ocrx_word' id='word_1_111' title='bbox 1313 1852 1416 1918; x_wconf 86' lang='lat' dir='ltr'>vel</span> <span class='ocrx_word' id='word_1_112' title='bbox 1479 1853 1831 1939; x_wconf 79' lang='lat' dir='ltr'>adscripsit</span> <span class='ocrx_word' id='word_1_113' title='bbox 1908 1854 2247 1938; x_wconf 85' lang='lat' dir='ltr'>„vulgum“</span> <span class='ocrx_word' id='word_1_114' title='bbox 2327 1852 2803 1937; x_wconf 83' lang='lat' dir='ltr'>interpretandi</span> 
     </span>
     <span class='ocr_line' id='line_1_17' title="bbox 457 1960 2806 2045; baseline 0 -22"><span class='ocrx_word' id='word_1_115' title='bbox 457 1980 675 2041; x_wconf 90' lang='lat' dir='ltr'>causa,</span> <span class='ocrx_word' id='word_1_116' title='bbox 725 1960 898 2043; x_wconf 87' lang='lat' dir='ltr'>quod</span> <span class='ocrx_word' id='word_1_117' title='bbox 943 1960 1156 2045; x_wconf 85' lang='lat' dir='ltr'>„Mars</span> <span class='ocrx_word' id='word_1_118' title='bbox 1192 1960 1442 2027; x_wconf 85' lang='lat' dir='ltr'>minor“</span> <span class='ocrx_word' id='word_1_119' title='bbox 1486 1982 1604 2045; x_wconf 93' lang='lat' dir='ltr'>pro</span> <span class='ocrx_word' id='word_1_120' title='bbox 1650 1960 1901 2045; x_wconf 88' lang='lat' dir='ltr'>„minus</span> <span class='ocrx_word' id='word_1_121' title='bbox 1937 1960 2139 2027; x_wconf 85' lang='lat' dir='ltr'>fortes</span> <span class='ocrx_word' id='word_1_122' title='bbox 2178 1960 2457 2026; x_wconf 90' lang='lat' dir='ltr'>milites“</span> <span class='ocrx_word' id='word_1_123' title='bbox 2510 1981 2658 2026; x_wconf 88' lang='lat' dir='ltr'>raro</span> <span class='ocrx_word' id='word_1_124' title='bbox 2706 1960 2806 2023; x_wconf 90' lang='lat' dir='ltr'>in-</span> 
     </span>
     <span class='ocr_line' id='line_1_18' title="bbox 457 2066 2797 2153; baseline 0.001 -22"><span class='ocrx_word' id='word_1_125' title='bbox 457 2066 714 2131; x_wconf 82' lang='lat' dir='ltr'>venitur</span> <span class='ocrx_word' id='word_1_126' title='bbox 761 2070 829 2132; x_wconf 90' lang='lat' dir='ltr'>et</span> <span class='ocrx_word' id='word_1_127' title='bbox 873 2066 1166 2151; x_wconf 90' lang='lat' dir='ltr'>inprimis</span> <span class='ocrx_word' id='word_1_128' title='bbox 1201 2068 1396 2151; x_wconf 85' lang='lat' dir='ltr'>elegit</span> <span class='ocrx_word' id='word_1_129' title='bbox 1430 2068 1730 2134; x_wconf 86' lang='lat' dir='ltr'>verbum:</span> <span class='ocrx_word' id='word_1_130' title='bbox 1788 2068 2093 2153; x_wconf 83' lang='lat' dir='ltr'>„vulgus“</span> <span class='ocrx_word' id='word_1_131' title='bbox 2138 2090 2178 2132; x_wconf 89' lang='lat' dir='ltr'>a</span> <span class='ocrx_word' id='word_1_132' title='bbox 2210 2066 2371 2135; x_wconf 86' lang='lat' dir='ltr'>Silio</span> <span class='ocrx_word' id='word_1_133' title='bbox 2420 2070 2489 2132; x_wconf 90' lang='lat' dir='ltr'>et</span> <span class='ocrx_word' id='word_1_134' title='bbox 2535 2088 2575 2131; x_wconf 92' lang='lat' dir='ltr'>a</span> <span class='ocrx_word' id='word_1_135' title='bbox 2610 2066 2797 2133; x_wconf 87' lang='lat' dir='ltr'>Livio</span> 
     </span>
     <span class='ocr_line' id='line_1_19' title="bbox 453 2174 2801 2260; baseline -0 -22"><span class='ocrx_word' id='word_1_136' title='bbox 453 2177 867 2258; x_wconf 86' lang='lat' dir='ltr'>usurpatum:</span> <span class='ocrx_word' id='word_1_137' title='bbox 902 2174 1140 2259; x_wconf 88' lang='lat' dir='ltr'>legitur</span> <span class='ocrx_word' id='word_1_138' title='bbox 1169 2174 1447 2260; x_wconf 84' lang='lat' dir='ltr'>exempli</span> <span class='ocrx_word' id='word_1_139' title='bbox 1477 2197 1676 2241; x_wconf 90' lang='lat' dir='ltr'>causa</span> <span class='ocrx_word' id='word_1_140' title='bbox 1698 2174 1843 2242; x_wconf 87' lang='lat' dir='ltr'>Silii</span> <span class='ocrx_word' id='word_1_141' title='bbox 1868 2174 2013 2240; x_wconf 90' lang='lat' dir='ltr'>libr.</span> <span class='ocrx_word' id='word_1_142' title='bbox 2040 2174 2147 2240; x_wconf 86' lang='lat' dir='ltr'>Iv.</span> <span class='ocrx_word' id='word_1_143' title='bbox 2171 2175 2301 2240; x_wconf 88' lang='lat'>399</span> <span class='ocrx_word' id='word_1_144' title='bbox 2332 2174 2557 2239; x_wconf 90' lang='lat' dir='ltr'>eodem</span> <span class='ocrx_word' id='word_1_145' title='bbox 2587 2194 2801 2239; x_wconf 88' lang='lat' dir='ltr'>sensu.</span> 
     </span>
     <span class='ocr_line' id='line_1_20' title="bbox 456 2278 2803 2367; baseline 0 -23"><span class='ocrx_word' id='word_1_146' title='bbox 456 2280 712 2353; x_wconf 86' lang='lat' dir='ltr'>Incuria</span> <span class='ocrx_word' id='word_1_147' title='bbox 748 2278 1181 2366; x_wconf 83' lang='lat' dir='ltr'>posteriorum</span> <span class='ocrx_word' id='word_1_148' title='bbox 1217 2282 1631 2348; x_wconf 88' lang='lat' dir='ltr'>librariorum</span> <span class='ocrx_word' id='word_1_149' title='bbox 1671 2281 1833 2347; x_wconf 90' lang='grc'>11666</span> <span class='ocrx_word' id='word_1_150' title='bbox 1870 2280 2088 2365; x_wconf 87' lang='lat' dir='ltr'>glossa</span> <span class='ocrx_word' id='word_1_151' title='bbox 2126 2281 2388 2367; x_wconf 86' lang='lat' dir='ltr'>irrepsit</span> <span class='ocrx_word' id='word_1_152' title='bbox 2416 2280 2487 2345; x_wconf 93' lang='lat' dir='ltr'>in</span> <span class='ocrx_word' id='word_1_153' title='bbox 2523 2283 2803 2363; x_wconf 86' lang='lat' dir='ltr'>textum,</span> 
     </span>
     <span class='ocr_line' id='line_1_21' title="bbox 373 2387 2806 2475; baseline 0 -23"><span class='ocrx_word' id='word_1_154' title='bbox 373 2467 376 2475; x_wconf 69' lang='lat'>,</span> <span class='ocrx_word' id='word_1_155' title='bbox 457 2388 571 2471; x_wconf 85' lang='lat' dir='ltr'>qui</span> <span class='ocrx_word' id='word_1_156' title='bbox 633 2389 850 2455; x_wconf 90' lang='lat' dir='ltr'>nescio</span> <span class='ocrx_word' id='word_1_157' title='bbox 918 2411 1000 2453; x_wconf 89' lang='lat' dir='ltr'>an</span> <span class='ocrx_word' id='word_1_158' title='bbox 1065 2388 1255 2455; x_wconf 89' lang='lat' dir='ltr'>aliter</span> <span class='ocrx_word' id='word_1_159' title='bbox 1319 2389 1452 2453; x_wconf 92' lang='lat' dir='ltr'>iam</span> <span class='ocrx_word' id='word_1_160' title='bbox 1510 2389 1851 2454; x_wconf 85' lang='lat' dir='ltr'>mutilatus</span> <span class='ocrx_word' id='word_1_161' title='bbox 1907 2388 2123 2454; x_wconf 90' lang='lat' dir='ltr'>fuerit.</span> <span class='ocrx_word' id='word_1_162' title='bbox 2226 2390 2382 2473; x_wconf 77' lang='lat' dir='ltr'>„tu“</span> <span class='ocrx_word' id='word_1_163' title='bbox 2435 2387 2605 2453; x_wconf 91' lang='lat' dir='ltr'>enim</span> <span class='ocrx_word' id='word_1_164' title='bbox 2650 2390 2806 2472; x_wconf 90' lang='lat' dir='ltr'>post</span> 
     </span>
     <span class='ocr_line' id='line_1_22' title="bbox 455 2492 2805 2580; baseline 0 -21"><span class='ocrx_word' id='word_1_165' title='bbox 455 2492 773 2579; x_wconf 80' lang='lat' dir='ltr'>syllabam</span> <span class='ocrx_word' id='word_1_166' title='bbox 837 2499 1019 2580; x_wconf 87' lang='lat' dir='ltr'>„tur“</span> <span class='ocrx_word' id='word_1_167' title='bbox 1082 2496 1265 2562; x_wconf 88' lang='lat' dir='ltr'>verbi</span> <span class='ocrx_word' id='word_1_168' title='bbox 1339 2496 1791 2580; x_wconf 79' lang='lat' dir='ltr'>„adloquitur“</span> <span class='ocrx_word' id='word_1_169' title='bbox 1863 2494 2051 2562; x_wconf 87' lang='lat' dir='ltr'>facile</span> <span class='ocrx_word' id='word_1_170' title='bbox 2109 2496 2403 2561; x_wconf 86' lang='lat' dir='ltr'>excidere</span> <span class='ocrx_word' id='word_1_171' title='bbox 2459 2495 2681 2579; x_wconf 90' lang='lat' dir='ltr'>potuit</span> <span class='ocrx_word' id='word_1_172' title='bbox 2736 2497 2805 2559; x_wconf 90' lang='lat' dir='ltr'>et</span> 
     </span>
     <span class='ocr_line' id='line_1_23' title="bbox 453 2600 2802 2687; baseline 0 -21"><span class='ocrx_word' id='word_1_173' title='bbox 453 2600 624 2667; x_wconf 91' lang='lat' dir='ltr'>hanc</span> <span class='ocrx_word' id='word_1_174' title='bbox 688 2602 988 2669; x_wconf 91' lang='lat' dir='ltr'>lacunam</span> <span class='ocrx_word' id='word_1_175' title='bbox 1061 2625 1207 2683; x_wconf 89' lang='lat' dir='ltr'>cum</span> <span class='ocrx_word' id='word_1_176' title='bbox 1278 2603 1603 2669; x_wconf 89' lang='lat' dir='ltr'>invenerit</span> <span class='ocrx_word' id='word_1_177' title='bbox 1675 2604 1978 2669; x_wconf 87' lang='lat' dir='ltr'>indoctus</span> <span class='ocrx_word' id='word_1_178' title='bbox 2050 2603 2354 2669; x_wconf 89' lang='lat' dir='ltr'>librarius</span> <span class='ocrx_word' id='word_1_179' title='bbox 2423 2600 2802 2687; x_wconf 85' lang='lat' dir='ltr'>posterioris</span> 
     </span>
     <span class='ocr_line' id='line_1_24' title="bbox 457 2708 2803 2798; baseline -0.001 -24"><span class='ocrx_word' id='word_1_180' title='bbox 457 2710 767 2794; x_wconf 91' lang='lat' dir='ltr'>temporis</span> <span class='ocrx_word' id='word_1_181' title='bbox 815 2709 1072 2795; x_wconf 85' lang='lat' dir='ltr'>explere</span> <span class='ocrx_word' id='word_1_182' title='bbox 1119 2711 1374 2777; x_wconf 88' lang='lat' dir='ltr'>studuit</span> <span class='ocrx_word' id='word_1_183' title='bbox 1418 2710 1619 2777; x_wconf 86' lang='lat' dir='ltr'>verbo</span> <span class='ocrx_word' id='word_1_184' title='bbox 1669 2711 2142 2798; x_wconf 86' lang='lat' dir='ltr'>suprascripto:</span> <span class='ocrx_word' id='word_1_185' title='bbox 2198 2710 2564 2795; x_wconf 84' lang='lat' dir='ltr'>„vulgum“.</span> <span class='ocrx_word' id='word_1_186' title='bbox 2660 2708 2803 2787; x_wconf 88' lang='lat' dir='ltr'>Qua</span> 
     </span>
     <span class='ocr_line' id='line_1_25' title="bbox 457 2815 2803 2904; baseline 0.001 -25"><span class='ocrx_word' id='word_1_187' title='bbox 457 2838 604 2881; x_wconf 88' lang='lat' dir='ltr'>cum</span> <span class='ocrx_word' id='word_1_188' title='bbox 651 2817 1216 2901; x_wconf 87' lang='lat' dir='ltr'>argumentatione</span> <span class='ocrx_word' id='word_1_189' title='bbox 1255 2817 1528 2883; x_wconf 85' lang='lat' dir='ltr'>alteram</span> <span class='ocrx_word' id='word_1_190' title='bbox 1566 2822 1818 2904; x_wconf 87' lang='lat' dir='ltr'>partem</span> <span class='ocrx_word' id='word_1_191' title='bbox 1866 2818 2276 2884; x_wconf 89' lang='lat' dir='ltr'>coniecturae</span> <span class='ocrx_word' id='word_1_192' title='bbox 2312 2816 2533 2883; x_wconf 89' lang='lat' dir='ltr'>Lenzii</span> <span class='ocrx_word' id='word_1_193' title='bbox 2578 2815 2803 2882; x_wconf 84' lang='lat' dir='ltr'>fulcire</span> 
     </span>
     <span class='ocr_line' id='line_1_26' title="bbox 458 2922 2802 3010; baseline 0 -22"><span class='ocrx_word' id='word_1_194' title='bbox 458 2927 731 2989; x_wconf 88' lang='lat' dir='ltr'>conatus</span> <span class='ocrx_word' id='word_1_195' title='bbox 778 2925 918 3005; x_wconf 90' lang='lat' dir='ltr'>sim,</span> <span class='ocrx_word' id='word_1_196' title='bbox 969 2928 1190 2990; x_wconf 92' lang='lat' dir='ltr'>tamen</span> <span class='ocrx_word' id='word_1_197' title='bbox 1240 2925 1612 3008; x_wconf 87' lang='lat' dir='ltr'>negaverim</span> <span class='ocrx_word' id='word_1_198' title='bbox 1657 2925 1926 2991; x_wconf 86' lang='lat' dir='ltr'>verbum</span> <span class='ocrx_word' id='word_1_199' title='bbox 1980 2922 2275 3010; x_wconf 83' lang='lat' dir='ltr'>„linque“</span> <span class='ocrx_word' id='word_1_200' title='bbox 2332 2946 2371 2989; x_wconf 91' lang='lat' dir='ltr'>a</span> <span class='ocrx_word' id='word_1_201' title='bbox 2416 2923 2655 2989; x_wconf 91' lang='lat' dir='ltr'>Lenzio</span> <span class='ocrx_word' id='word_1_202' title='bbox 2704 2923 2802 2988; x_wconf 92' lang='lat' dir='ltr'>in-</span> 
     </span>
     <span class='ocr_line' id='line_1_27' title="bbox 455 3030 2797 3116; baseline 0 -21"><span class='ocrx_word' id='word_1_203' title='bbox 455 3033 702 3095; x_wconf 90' lang='lat' dir='ltr'>sertum</span> <span class='ocrx_word' id='word_1_204' title='bbox 747 3032 812 3099; x_wconf 91' lang='lat' dir='ltr'>in</span> <span class='ocrx_word' id='word_1_205' title='bbox 860 3031 1184 3116; x_wconf 89' lang='lat' dir='ltr'>scriptura</span> <span class='ocrx_word' id='word_1_206' title='bbox 1231 3032 1527 3098; x_wconf 90' lang='lat' dir='ltr'>codicum</span> <span class='ocrx_word' id='word_1_207' title='bbox 1576 3032 1764 3116; x_wconf 87' lang='lat' dir='ltr'>quasi</span> <span class='ocrx_word' id='word_1_208' title='bbox 1818 3031 2241 3097; x_wconf 85' lang='lat' dir='ltr'>fundamento</span> <span class='ocrx_word' id='word_1_209' title='bbox 2298 3030 2587 3115; x_wconf 91' lang='lat' dir='ltr'>positum</span> <span class='ocrx_word' id='word_1_210' title='bbox 2634 3053 2797 3099; x_wconf 88' lang='lat' dir='ltr'>esse.</span> 
     </span>
     <span class='ocr_line' id='line_1_28' title="bbox 456 3137 2803 3223; baseline 0 -21"><span class='ocrx_word' id='word_1_211' title='bbox 456 3138 704 3204; x_wconf 90' lang='lat' dir='ltr'>Ductus</span> <span class='ocrx_word' id='word_1_212' title='bbox 748 3137 1120 3205; x_wconf 89' lang='lat' dir='ltr'>litterarum</span> <span class='ocrx_word' id='word_1_213' title='bbox 1165 3138 1234 3203; x_wconf 91' lang='lat' dir='ltr'>in</span> <span class='ocrx_word' id='word_1_214' title='bbox 1275 3139 1492 3205; x_wconf 86' lang='lat' dir='ltr'>verbis</span> <span class='ocrx_word' id='word_1_215' title='bbox 1537 3141 2019 3223; x_wconf 85' lang='lat' dir='ltr'>„Martemque“</span> <span class='ocrx_word' id='word_1_216' title='bbox 2075 3141 2142 3203; x_wconf 89' lang='lat' dir='ltr'>et</span> <span class='ocrx_word' id='word_1_217' title='bbox 2197 3137 2493 3222; x_wconf 83' lang='lat' dir='ltr'>„linque“</span> <span class='ocrx_word' id='word_1_218' title='bbox 2545 3137 2803 3222; x_wconf 89' lang='lat' dir='ltr'>longius</span> 
     </span>
     <span class='ocr_line' id='line_1_29' title="bbox 457 3244 2806 3330; baseline -0.001 -19"><span class='ocrx_word' id='word_1_219' title='bbox 457 3267 496 3311; x_wconf 90' lang='lat' dir='ltr'>a</span> <span class='ocrx_word' id='word_1_220' title='bbox 551 3268 619 3312; x_wconf 90' lang='lat' dir='ltr'>se</span> <span class='ocrx_word' id='word_1_221' title='bbox 686 3245 943 3324; x_wconf 80' lang='lat' dir='ltr'>differre</span> <span class='ocrx_word' id='word_1_222' title='bbox 999 3245 1304 3329; x_wconf 84' lang='lat' dir='ltr'>arbitror,</span> <span class='ocrx_word' id='word_1_223' title='bbox 1363 3267 1558 3330; x_wconf 88' lang='lat' dir='ltr'>quam</span> <span class='ocrx_word' id='word_1_224' title='bbox 1622 3250 1699 3311; x_wconf 87' lang='lat' dir='ltr'>ut</span> <span class='ocrx_word' id='word_1_225' title='bbox 1752 3245 1913 3311; x_wconf 91' lang='lat' dir='ltr'>haec</span> <span class='ocrx_word' id='word_1_226' title='bbox 1959 3246 2193 3313; x_wconf 87' lang='lat' dir='ltr'>vocula</span> <span class='ocrx_word' id='word_1_227' title='bbox 2246 3266 2365 3311; x_wconf 89' lang='lat' dir='ltr'>suo</span> <span class='ocrx_word' id='word_1_228' title='bbox 2420 3245 2561 3310; x_wconf 90' lang='lat' dir='ltr'>iure</span> <span class='ocrx_word' id='word_1_229' title='bbox 2604 3244 2806 3311; x_wconf 89' lang='lat' dir='ltr'>inseri</span> 
     </span>
     <span class='ocr_line' id='line_1_30' title="bbox 454 3337 2805 3437; baseline 0 -19"><span class='ocrx_word' id='word_1_230' title='bbox 454 3352 682 3436; x_wconf 83' lang='lat' dir='ltr'>possit.</span> <span class='ocrx_word' id='word_1_231' title='bbox 793 3337 1003 3437; x_wconf 88' lang='lat' dir='ltr'>Magis</span> <span class='ocrx_word' id='word_1_232' title='bbox 1078 3353 1239 3419; x_wconf 90' lang='lat' dir='ltr'>mihi</span> <span class='ocrx_word' id='word_1_233' title='bbox 1313 3354 1587 3418; x_wconf 90' lang='lat' dir='ltr'>arridet:</span> <span class='ocrx_word' id='word_1_234' title='bbox 1670 3355 1963 3437; x_wconf 87' lang='lat' dir='ltr'>„temne“</span> <span class='ocrx_word' id='word_1_235' title='bbox 2048 3353 2223 3437; x_wconf 86' lang='lat' dir='ltr'>quod</span> <span class='ocrx_word' id='word_1_236' title='bbox 2288 3351 2591 3418; x_wconf 88' lang='lat' dir='ltr'>facillime</span> <span class='ocrx_word' id='word_1_237' title='bbox 2652 3356 2805 3436; x_wconf 89' lang='lat' dir='ltr'>post</span> 
     </span>
     <span class='ocr_line' id='line_1_31' title="bbox 455 3459 2801 3554; baseline -0.001 -29"><span class='ocrx_word' id='word_1_238' title='bbox 455 3459 732 3525; x_wconf 88' lang='lat' dir='ltr'>Martem</span> <span class='ocrx_word' id='word_1_239' title='bbox 779 3460 1078 3527; x_wconf 88' lang='lat' dir='ltr'>excidere</span> <span class='ocrx_word' id='word_1_240' title='bbox 1123 3461 1360 3545; x_wconf 88' lang='lat' dir='ltr'>potuit.</span> <span class='ocrx_word' id='word_1_241' title='bbox 1437 3461 1704 3526; x_wconf 89' lang='lat' dir='ltr'>Versum</span> <span class='ocrx_word' id='word_1_242' title='bbox 1744 3460 1946 3554; x_wconf 83' lang='lat' dir='ltr'>igitur</span> <span class='ocrx_word' id='word_1_243' title='bbox 1982 3459 2323 3545; x_wconf 86' lang='lat' dir='ltr'>legendum</span> <span class='ocrx_word' id='word_1_244' title='bbox 2362 3482 2503 3525; x_wconf 91' lang='lat' dir='ltr'>esse</span> <span class='ocrx_word' id='word_1_245' title='bbox 2525 3480 2801 3525; x_wconf 78' lang='lat' dir='ltr'>censeo:</span> 
     </span>
    </p>

    <p class='ocr_par' dir='ltr' id='par_1_6' title="bbox 633 3565 2643 3655">
     <span class='ocr_line' id='line_1_32' title="bbox 633 3565 2643 3655; baseline 0 -24"><span class='ocrx_word' id='word_1_246' title='bbox 633 3565 1060 3651; x_wconf 88' lang='lat' dir='ltr'>Cornipedem</span> <span class='ocrx_word' id='word_1_247' title='bbox 1117 3566 1517 3651; x_wconf 87' lang='lat' dir='ltr'>adloquitur:</span> <span class='ocrx_word' id='word_1_248' title='bbox 1565 3570 1651 3655; x_wconf 63' lang='grc'>111</span> <span class='ocrx_word' id='word_1_249' title='bbox 1697 3568 1973 3633; x_wconf 86' lang='grc' dir='ltr'>Μ6116111</span> <span class='ocrx_word' id='word_1_250' title='bbox 2017 3571 2262 3637; x_wconf 77' lang='lat' dir='ltr'>temne</span> <span class='ocrx_word' id='word_1_251' title='bbox 2308 3567 2643 3633; x_wconf 88' lang='lat' dir='ltr'>minorem.</span> 
     </span>
    </p>

    <p class='ocr_par' dir='ltr' id='par_1_7' title="bbox 452 3673 2804 4298">
     <span class='ocr_line' id='line_1_33' title="bbox 630 3673 2803 3759; baseline 0 -22"><span class='ocrx_word' id='word_1_252' title='bbox 630 3674 718 3739; x_wconf 91' lang='lat' dir='ltr'>Es</span> <span class='ocrx_word' id='word_1_253' title='bbox 772 3673 874 3739; x_wconf 93' lang='lat' dir='ltr'>his</span> <span class='ocrx_word' id='word_1_254' title='bbox 921 3674 1137 3740; x_wconf 89' lang='lat' dir='ltr'>verbis</span> <span class='ocrx_word' id='word_1_255' title='bbox 1193 3675 1365 3740; x_wconf 89' lang='lat' dir='ltr'>idem</span> <span class='ocrx_word' id='word_1_256' title='bbox 1422 3696 1650 3741; x_wconf 88' lang='lat' dir='ltr'>sensus</span> <span class='ocrx_word' id='word_1_257' title='bbox 1697 3675 2063 3759; x_wconf 88' lang='lat' dir='ltr'>praeclarus</span> <span class='ocrx_word' id='word_1_258' title='bbox 2111 3673 2437 3739; x_wconf 84' lang='lat' dir='ltr'>facillime</span> <span class='ocrx_word' id='word_1_259' title='bbox 2460 3674 2803 3754; x_wconf 83' lang='lat' dir='ltr'>evolvitur,</span> 
     </span>
     <span class='ocr_line' id='line_1_34' title="bbox 455 3780 2803 3873; baseline 0 -30"><span class='ocrx_word' id='word_1_260' title='bbox 455 3781 569 3863; x_wconf 87' lang='lat' dir='ltr'>qui</span> <span class='ocrx_word' id='word_1_261' title='bbox 616 3802 699 3844; x_wconf 85' lang='lat' dir='ltr'>ex</span> <span class='ocrx_word' id='word_1_262' title='bbox 744 3780 986 3846; x_wconf 85' lang='lat' dir='ltr'>verbis:</span> <span class='ocrx_word' id='word_1_263' title='bbox 1036 3784 1111 3845; x_wconf 85' lang='lat' dir='ltr'>tu</span> <span class='ocrx_word' id='word_1_264' title='bbox 1148 3781 1426 3847; x_wconf 89' lang='lat' dir='ltr'>Martem</span> <span class='ocrx_word' id='word_1_265' title='bbox 1473 3781 1693 3866; x_wconf 91' lang='lat' dir='ltr'>linque</span> <span class='ocrx_word' id='word_1_266' title='bbox 1733 3782 2064 3847; x_wconf 92' lang='lat' dir='ltr'>minorem.</span> <span class='ocrx_word' id='word_1_267' title='bbox 2143 3782 2284 3861; x_wconf 85' lang='lat' dir='ltr'>Qua</span> <span class='ocrx_word' id='word_1_268' title='bbox 2332 3781 2411 3847; x_wconf 86' lang='lat' dir='ltr'>de</span> <span class='ocrx_word' id='word_1_269' title='bbox 2459 3792 2663 3873; x_wconf 71' lang='lat' dir='ltr'>causa²</span> <span class='ocrx_word' id='word_1_270' title='bbox 2702 3781 2803 3845; x_wconf 80' lang='lat' dir='ltr'>vir</span> 
     </span>
     <span class='ocr_line' id='line_1_35' title="bbox 455 3880 2803 3974; baseline 0 -23"><span class='ocrx_word' id='word_1_271' title='bbox 455 3886 686 3953; x_wconf 88' lang='lat' dir='ltr'>doctus</span> <span class='ocrx_word' id='word_1_272' title='bbox 731 3888 1077 3953; x_wconf 90' lang='lat' dir='ltr'>lectionem</span> <span class='ocrx_word' id='word_1_273' title='bbox 1117 3888 1412 3953; x_wconf 90' lang='lat' dir='ltr'>codicum</span> <span class='ocrx_word' id='word_1_274' title='bbox 1449 3890 1518 3954; x_wconf 91' lang='lat' dir='ltr'>in</span> <span class='ocrx_word' id='word_1_275' title='bbox 1555 3890 1855 3974; x_wconf 89' lang='lat' dir='ltr'>proximo</span> <span class='ocrx_word' id='word_1_276' title='bbox 1893 3912 2113 3955; x_wconf 89' lang='lat' dir='ltr'>versu:</span> <span class='ocrx_word' id='word_1_277' title='bbox 2172 3892 2400 3973; x_wconf 81' lang='lat' dir='ltr'>„mox“</span> <span class='ocrx_word' id='word_1_278' title='bbox 2445 3880 2803 3955; x_wconf 80' lang='lat' dir='ltr'>mutaverit</span> 
     </span>
     <span class='ocr_line' id='line_1_36' title="bbox 452 3992 2803 4091; baseline 0.002 -34"><span class='ocrx_word' id='word_1_279' title='bbox 452 3992 521 4057; x_wconf 91' lang='lat' dir='ltr'>in</span> <span class='ocrx_word' id='word_1_280' title='bbox 573 3998 795 4091; x_wconf 83' lang='lat' dir='ltr'>„nos“,</span> <span class='ocrx_word' id='word_1_281' title='bbox 845 3996 1062 4063; x_wconf 92' lang='lat' dir='ltr'>animo</span> <span class='ocrx_word' id='word_1_282' title='bbox 1110 3996 1653 4080; x_wconf 86' lang='lat' dir='ltr'>comprehendere</span> <span class='ocrx_word' id='word_1_283' title='bbox 1708 4020 1840 4063; x_wconf 94' lang='lat' dir='ltr'>non</span> <span class='ocrx_word' id='word_1_284' title='bbox 1893 4018 2179 4081; x_wconf 86' lang='lat' dir='ltr'>possum,</span> <span class='ocrx_word' id='word_1_285' title='bbox 2228 3996 2354 4060; x_wconf 89' lang='lat' dir='ltr'>nisi</span> <span class='ocrx_word' id='word_1_286' title='bbox 2410 3996 2578 4061; x_wconf 85' lang='lat' dir='ltr'>forte</span> <span class='ocrx_word' id='word_1_287' title='bbox 2626 3995 2803 4079; x_wconf 89' lang='lat' dir='ltr'>quod</span> 
     </span>
     <span class='ocr_line' id='line_1_37' title="bbox 455 4102 2804 4224; baseline 0.001 -60"><span class='ocrx_word' id='word_1_288' title='bbox 455 4102 695 4184; x_wconf 91' lang='lat' dir='ltr'>opponi</span> <span class='ocrx_word' id='word_1_289' title='bbox 741 4102 882 4168; x_wconf 86' lang='lat' dir='ltr'>vult</span> <span class='ocrx_word' id='word_1_290' title='bbox 917 4104 1118 4169; x_wconf 86' lang='lat' dir='ltr'>verba</span> <span class='ocrx_word' id='word_1_291' title='bbox 1168 4105 1329 4185; x_wconf 91' lang='lat' dir='ltr'>„tu“</span> <span class='ocrx_word' id='word_1_292' title='bbox 1380 4107 1448 4170; x_wconf 92' lang='lat' dir='ltr'>et</span> <span class='ocrx_word' id='word_1_293' title='bbox 1495 4110 1723 4189; x_wconf 90' lang='lat' dir='ltr'>„nos“,</span> <span class='ocrx_word' id='word_1_294' title='bbox 1770 4106 1867 4169; x_wconf 90' lang='lat' dir='ltr'>ita</span> <span class='ocrx_word' id='word_1_295' title='bbox 1913 4107 1989 4170; x_wconf 89' lang='lat' dir='ltr'>ut</span> <span class='ocrx_word' id='word_1_296' title='bbox 2028 4104 2438 4224; x_wconf 85' lang='lat' dir='ltr'>disiungatur</span> <span class='ocrx_word' id='word_1_297' title='bbox 2490 4124 2693 4187; x_wconf 87' lang='lat' dir='ltr'>equus</span> <span class='ocrx_word' id='word_1_298' title='bbox 2735 4104 2804 4167; x_wconf 93' lang='lat' dir='ltr'>et</span> 
     </span>
     <span class='ocr_line' id='line_1_38' title="bbox 455 4210 1787 4298; baseline 0.006 -27"><span class='ocrx_word' id='word_1_299' title='bbox 455 4229 672 4293; x_wconf 87' lang='lat' dir='ltr'>eques,</span> <span class='ocrx_word' id='word_1_300' title='bbox 721 4211 897 4294; x_wconf 88' lang='lat' dir='ltr'>quod</span> <span class='ocrx_word' id='word_1_301' title='bbox 941 4232 1099 4278; x_wconf 86' lang='lat' dir='ltr'>sane</span> <span class='ocrx_word' id='word_1_302' title='bbox 1145 4210 1623 4298; x_wconf 89' lang='lat' dir='ltr'>ineptissimum</span> <span class='ocrx_word' id='word_1_303' title='bbox 1669 4216 1787 4279; x_wconf 90' lang='lat' dir='ltr'>est.</span> 
     </span>
    </p>
   </div>
  </div>
 </body>
</html>
