3134 4767
1399 117 1824 183 *30*-

1252 410 1258 417 .
1317 328 1460 394 Lib.
1501 329 1586 395 VI
1632 330 1761 396 689
1808 350 1905 412 sq.

617 434 928 526 Romanis
975 436 1060 499 ad
1107 435 1573 511 Trasumenum
1628 435 1815 501 foede
1860 434 2055 503 victis
2110 435 2308 503 Silius
2354 434 2783 503 Hannibalem

439 548 554 626 per
599 541 934 609 Umbriam
985 545 1051 606 et
1101 542 1410 607 Picenum
1457 541 1749 626 aliasque
1794 542 2024 631 Italiae
2070 543 2366 625 regiones
2424 544 2782 609 exercitum

440 648 680 732 praeda
728 652 1034 713 onustum
1075 648 1414 713 ducentem
1462 652 1528 713 et
1575 650 1643 713 in
1690 648 1937 714 fertiles
1976 648 2367 733 Campaniae
2405 671 2598 732 agros
2635 670 2783 734 pro-

439 756 834 820 ficiscentem
881 755 1058 836 facit,
1108 755 1222 820 ubi
1258 756 1548 821 Poenum
1596 756 1911 840 templum
1946 755 2469 821 Linternensium
2516 758 2783 859 eiusque

441 863 760 946 porticus,
830 862 896 925 in
957 862 1193 945 quibus
1249 868 1351 927 res
1408 862 1563 928 belli
1618 856 1849 927 Punici
1904 863 2094 945 primi
2141 861 2385 928 tabulis
2441 886 2784 947 expressae

397 1000 401 1003 «
443 971 679 1049 essent,
716 956 1239 1053 contemplatum
1298 970 1438 1033 esse
1493 970 1702 1053 fingit.
1813 970 2174 1053 Postquam
2222 973 2421 1053 poeta
2465 969 2781 1052 tabulam,

439 1076 508 1139 in
573 1096 704 1159 qua
769 1076 1074 1141 Lutatius
1135 1076 1344 1142 victor
1409 1076 1705 1160 captivas
1771 1097 2047 1161 puppes·
2087 1077 2171 1142 ad
2234 1076 2431 1142 litora
2500 1076 2782 1161 apelleus

442 1183 758 1264 cernitur,
819 1183 1191 1268 descripsit,
1250 1184 1334 1248 ad
1391 1183 1587 1273 aliam
1641 1183 1884 1249 transit
1928 1205 1989 1248 v.
2030 1184 2159 1250 689
2207 1205 2303 1265 sq.

661 1291 872 1374 „Haec
918 1291 1088 1355 inter
1136 1290 1396 1383 cinctus,
1434 1290 1802 1373 legatorum
1850 1290 2075 1355 ordine
2119 1289 2449 1355 Hamilcar

654 1397 957 1462 Ductoris
1009 1397 1287 1479 genitor,
1327 1401 1717 1469 ⁴cunctarum
1766 1418 1849 1461 an
1895 1396 2177 1480 imagine
2224 1418 2447 1463 verum

657 1504 884 1569 Totius
931 1504 998 1567 in
1029 1525 1196 1584 ‚sese
1229 1505 1409 1587 vulgi
1455 1505 1871 1571 converterat
1916 1524 2051 1569 ora.

617 1612 852 1677 Versus
909 1612 1036 1676 689
1093 1611 1376 1694 genuina
1429 1600 1708 1676 lectione
1764 1632 1992 1675 carens
2036 1610 2215 1675 varie
2273 1632 2313 1674 a
2358 1610 2513 1674 viris
2572 1610 2785 1676 doctis

437 1720 734 1784 tentatus
782 1718 1296 1801 coniecturisque
1351 1717 1551 1783 etiam
1607 1717 1815 1815 magis
1873 1716 2217 1783 mutilatus
2274 1720 2393 1781 est.
2490 1716 2778 1799 CodiceS,

443 1821 760 1909 quantum
809 1846 889 1888 ex
934 1822 1449 1889 Drakenborchii
1497 1823 2037 1889 adnotationibus
2066 1825 2305 1907 patet,
2364 1824 2784 1889 consentiunt

440 1934 508 2004 in
562 1932 778 1997 verbis
833 1931 1194 1996 tradendis:
1267 1932 1485 2012 „Haec
1538 1929 1754 1996 inter“
1822 1934 1889 1995 et
1957 1930 2312 2013 „religatus
2368 1930 2437 1994 in
2492 1930 2784 2011 ordine“,

443 2039 836 2103 dissentiunt
881 2039 1053 2103 inter
1099 2060 1168 2102 se
1206 2039 1284 2102 de
1323 2023 1576 2119 vocula,
1628 2060 1794 2121 quae
1833 2040 1983 2121 post
2033 2038 2287 2120 „inter“
2327 2037 2625 2121 ponenda
2664 2039 2783 2102 est.

443 2144 665 2212 Colon.
716 2145 1012 2211 exhibet:
1074 2145 1394 2227 „victos“,
1442 2144 1651 2210 Oxon.
1706 2145 2070 2224 „iunctos“.
2182 2142 2320 2209 Hos
2376 2143 2785 2211 accusativos

445 2274 518 2319 eo
567 2256 748 2317 ortos
796 2274 955 2334 esse,
1025 2251 1198 2335 quod
1253 2252 1614 2336 imperitus,
1642 2251 1739 2315 vel
1793 2272 2013 2318 socors
2068 2251 2283 2316 scriba
2340 2250 2785 2317 accusativum

445 2382 526 2425 ex
572 2359 1052 2443 praepositione
1101 2359 1355 2441 „inter“
1403 2358 1792 2442 pendentem
1839 2358 2271 2442 requisiverit,
2320 2358 2467 2441 quis
2506 2361 2627 2440 est,
2674 2358 2787 2442 qui

441 2467 681 2550 neget?
789 2466 910 2537 Ad,
953 2448 1300 2549 genuinam
1355 2486 1509 2530 vero
1577 2464 1923 2531 lectionem
1999 2464 2381 2554 eruendam⁴
2422 2465 2623 2530 etiam
2684 2486 2787 2529 se-

444 2574 712 2657 quentia
758 2572 958 2639 verba
1013 2572 1414 2657 respicienda
1469 2562 1651 2638 sunt:
1724 2570 2081 2655 „religatus
2130 2565 2205 2635 *in
2261 2571 2551 2652 ordine“,
2618 2592 2784 2655 quae

444 2702 590 2745 curn
638 2680 844 2744 codex
889 2682 1162 2763 uterque
1210 2678 1542 2763 praebeat,
1594 2677 1841 2761 aliquid
1886 2678 2050 2744 recti
2097 2680 2271 2743 certe
2317 2678 2386 2745 in
2430 2699 2500 2743 se
2544 2676 2785 2743 habere

443 2786 902 2871 suspicandum
947 2790 1066 2851 est.
1160 2787 1348 2866 Quod
1402 2786 1509 2851 hic
1553 2784 1883 2850 Hamilcar
1939 2784 2249 2869 religatus
2306 2784 2573 2866 dicitur,
2640 2778 2785 2850 cum

444 2916 576 2959 non
623 2896 944 2977 congruat
977 2907 1128 2958 'cum
1159 2893 1310 2967 alto
1351 2892 1812 2957 historicorum
1860 2891 1941 2956 de
1977 2891 2363 2977 captivitate
2399 2890 2786 2957 Hamilcaris

443 3001 728 3081 silentio,
768 3001 1164 3067 reiciendum
1203 3003 1320 3065 est.
1409 2998 1579 3077 Quid
1615 2999 1973 3064 faciamus}>
2036 2998 2517 3065 Meminerimus
2537 2982 2786 3065 *Silium

443 3130 508 3172 v.-
545 3110 673 3175 688
721 3108 798 3172 de
847 3107 1122 3190 captivis
1169 3106 1491 3191 puppibus
1540 3106 1624 3170 ad
1669 3105 1865 3189 litora
1912 3106 2079 3170 actis
2133 3105 2426 3171 locutum
2474 3127 2635 3187 esse,
2692 3105 2787 3171 fa·-

445 3207 678 3279 cillime
717 3213 1033 3297 cogitatio
1074 3216 1357 3280 mentem
1394 3212 1595 3294 subit,
1645 3212 2043 3295 „religatus“
2092 3212 2175 3276 ad
2220 3212 2365 3277 illas
2407 3233 2607 3277 naves
2645 3234 2787 3295 per-

443 3322 652 3386 tinere
717 3326 784 3385 et
840 3322 907 3385 in
971 3319 1098 3385 illis
1164 3321 1459 3385 codicum
1523 3320 1893 3404 scripturis:
1964 3319 2256 3400 „victos“
2299 3316 2385 3384 et
2442 3319 2785 3406 ,‚iunctpos“

443 3428 712 3492 verbum
743 3418 946 3492 ‘simili
980 3426 1348 3492 litterarum
1385 3427 1585 3493 ductu
1618 3427 1915 3493 abditum
1955 3448 2114 3508 esse,
2156 3425 2331 3510 quod
2372 3428 2438 3491 et
2474 3425 2558 3489 ad
2597 3418 2788 3507 „reli-

445 3539 681 3618 gatus“
732 3538 798 3598 et
844 3534 928 3598 ad
977 3540 1258 3615 „naves“
1309 3534 1603 3617 quadret.
1698 3533 1837 3600 Hoc
1892 3556 1995 3598 me
2050 3532 2376 3601 iuvenisse
2429 3533 2591 3598 mihi
2644 3553 2834 3616 per-

445 3642 624 3707 suasi
678 3642 744 3705 in
802 3642 1246 3707 substantivo:
1317 3642 1615 3726 vincliS,
1684 3640 1857 3723 quod
1914 3641 2039 3707 hoc
2103 3639 2246 3706 loco
2312 3640 2541 3707 eodem
2595 3660 2789 3705 sensu

446 3750 731 3832 positum
779 3771 917 3813 esse
964 3751 1144 3832 put0,
1197 3770 1326 3830 quo
1375 3750 1441 3811 in
1479 3747 1743 3831 Vergilii
1788 3748 1945 3811 Aen.
1989 3748 2050 3828 9,
2059 3747 2213 3830 1183

660 3856 970 3920 continuo
1018 3876 1265 3939 puppes
1314 3854 1711 3939 abrumpunt
1756 3853 2016 3920 vincula
2060 3854 2239 3937 ripiS,

445 3962 558 4027 ubi
626 3962 967 4043 „vincula‘-‘
1035 3962 1206 4026 idem
1271 3961 1399 4026 sibi
1461 3962 1719 4042 volunt,
1788 3962 1961 4045 quod
2029 3959 2493 4042 „retinacula“.
2618 3960 2790 4039 Quin

446 4069 929 4135 substantivum
997 4069 1295 4151 „vincla“
1361 4054 1507 4133 cum
1566 4068 1765 4134 verbo
1833 4068 2192 4151 „religare“
2248 4067 2417 4133 bene
2481 4067 2791 4154 coniungi

447 4176 676 4265 possit,
722 4197 854 4241 non
901 4176 1150 4244 dubito,
1245 4176 1347 4241 Ita
1391 4175 1593 4261 igitur
1639 4175 2161 4248 locum-restitui
2206 4173 2427 4242 velim:

1448 4319 1480 4340 -υ
