3134 4767
1427 108 1852 173 -.-16..

473 321 797 389 afferendo
857 321 1223 407 significare
1257 322 1538 388 voluerit
1585 321 1816 388 Silium
1854 344 1937 385 ex
1982 321 2227 387 Seneca
2262 321 2477 386 locum
2524 320 2813 405 petiisse.

471 433 632 497 Mihi
671 434 900 502 contra
935 428 1133 497 Silius
1182 453 1264 494 ex
1301 451 1368 494 se
1407 429 1544 514 ipse
1583 427 1878 493 hausisse
1916 427 2172 492 videtur
2219 430 2425 493 iratus
2466 429 2815 495 sceleribus

472 540 733 623 tyranni
787 538 959 601 illius
1022 537 1408 619 Domitiani,
1476 558 1514 599 a
1574 556 1730 618 qu0,
1790 538 1867 600 ut
1922 534 2133 599 Taciti
2189 534 2427 623 (Agric.
2476 536 2545 621 2)
2603 536 2817 601 verbis

473 648 641 726 utar,
682 626 1056 729 ademptum
1096 646 1238 707 erat
1274 665 1388 727 per
1421 642 1876 725 inquisitiones
1908 642 2106 707 etiam
2142 641 2449 726 loquendi
2486 642 2821 707 audiendi-

472 776 598 837 pue
637 753 1114 817 commercium.
1191 751 1370 828 Quae
1409 771 1553 814 cum
1594 749 1790 815 fuerit
1818 749 2221 832 temporibus
2258 749 2383 813 illis
2412 751 2588 814 vitae
2626 750 2817 831 rati0,

476 860 619 943 quis
664 881 856 943 porro
916 859 1215 942 opinetur
1274 856 1507 923 Silium
1561 856 1683 922 hos
1738 879 1963 922 versus
2020 858 2158 922 sine
2207 857 2574 934 discrimine
2620 858 2817 937 vitae,

475 966 852 1032 Domitiano
897 966 1070 1046 vivo,
1120 963 1400 1029 scribere
1443 965 1782 1047 potuisse?
1856 965 2085 1047 Itaque
2123 967 2283 1047 puto
2324 965 2631 1029 continuo
2670 965 2821 1047 post

474 1074 920 1139 Domitianum
965 1075 1295 1137 mortuum
1343 1072 1385 1135 i.
1437 1093 1491 1135 e.
1542 1074 1694 1155 post
1738 1071 2186 1155 Septembrem
2234 1072 2387 1136 anni
2433 1072 2517 1139 96
2566 1093 2627 1154 p.
2669 1070 2817 1135 Chr.

477 1181 789 1264 scriptam
835 1201 976 1244 esse
1021 1178 1191 1243 hanc
1236 1166 1719 1263 posteriorem
1792 1180 2046 1261 partem
2092 1178 2261 1259 libri,
2312 1175 2461 1242 cum'
2501 1178 2677 1242 iusta
2723 1178 2822 1241 ira

407 1317 413 1337 ι
479 1290 676 1371 atque
736 1287 954 1351 odium
1008 1286 1078 1350 in
1134 1289 1383 1369 pestem
1440 1285 1617 1350 illam
1672 1285 2069 1369 reipublicae
2127 1286 2539 1350 effervescere
2595 1286 2822 1369 posset

479 1397 678 1477 atque
722 1394 1050 1479 priorem
1092 1381 1374 1475 partem,
1435 1392 1640 1457 multo
1688 1392 2027 1474 maiorem,
2089 1392 2367 1481 fort'asse
2414 1391 2565 1457 inde
2611 1413 2651 1456 a
2694 1392 2821 1455 fine

480 1501 633 1565 anni
681 1500 765 1565 95
812 1521 1019 1582 usque
1065 1499 1149 1563 ad
1194 1501 1522 1563 extremos
1569 1520 1822 1563 menses
1868 1500 2199 1583 sequentis
2248 1500 2419 1569 anni.
2563 1512 2571 1515 ’

657 1605 787 1671 Sed
842 1628 1006 1689 quos
1059 1605 1262 1671 libros
1316 1605 1468 1669 inde
1526 1604 1611 1669 ab
1669 1628 1839 1672 anno
1888 1608 1974 1671 93
2030 1628 2235 1690 usque
2292 1607 2378 1670 ad
2422 1606 2615 1670 finem
2670 1606 2823 1670 anni

483 1716 568 1780 95
636 1717 898 1797 poetam
944 1713 1264 1797 pepigisse
1312 1713 1735 1795 putabimus?
1787 1714 1899 1800 ,Si
1952 1712 2112 1780 Silio
2181 1714 2308 1777 duo
2374 1714 2529 1778 anni
2580 1712 2729 1777 inde
2785 1735 2825 1777 a

480 1822 606 1885 fine
644 1820 774 1886 fere
814 1820 969 1884 anni
1006 1820 1090 1884 95
1128 1841 1332 1901 usque
1372 1820 1456 1883 ad.
1494 1824 1821 1885 extremos
1848 1798 2102 1886 menses
2142 1821 2296 1885 anni
2333 1823 2415 1887 97
2457 1808 2827 1886 suffecerint

483 1928 567 1991 ad
613 1928 774 1992 duos
820 1926 1023 1991 libros
1081 1925 1344 2013 (librum
1389 1926 1538 1992 XIII
1586 1930 1655 1991 et
1698 1928 1897 2011 XIV),
1953 1929 2022 1991 in
2079 1928 2317 2011 quibus
2376 1927 2547 1993 1579
2602 1948 2825 1992 versus

481 2036 724 2115 insunt,
773 2034 1171 2113 condendOS,
1228 2034 1340 2097 vix
1386 2055 1488 2097 me
1544 2032 1843 2098 fefellerit
1875 2035 2115 2117 ,opinio
2173 2035 2321 2098 inde
2380 2034 2463 2099 ab
2521 2056 2690 2099 anno
2740 2034 2824 2098 93

481 2162 689 2224 usque
735 2141 819 2209 ad
866 2141 1114 2207 exitum
1162 2140 1316 2204 anni
1363 2140 1448 2205 95
1497 2141 1660 2205 duos
1708 2142 1904 2205 etiam
1951 2139 2182 2223 libros,
2228 2141 2320 2205 XI
2366 2143 2433 2205 et
2476 2142 2627 2222 XII,
2675 2162 2828 2206 con-

481 2249 690 2313 fectos
746 2270 906 2313 esse.
1011 2248 1185 2325 Quos
1249 2246 1331 2311 ad
1394 2248 1771 2331 pangendos
1839 2248 2015 2330 quod
2070 2247 2229 2314 Silio
2288 2249 2571 2332 spatium
2626 2269 2826 2332 prope

483 2355 686 2419 trium
733 2376 1051 2419 annorum
1099 2353 1480 2435 tribuimus,
1537 2376 1670 2419 non
1715 2357 1957 2419 temere
2004 2355 2231 2420 fecisse
2279 2355 2469 2420 nobis
2514 2355 2827 2435 videmur,

487 2462 659 2546 quod
710 2465 775 2525 et
821 2464 1084 2544 poetam
1130 2460 1262 2525 non
1308 2461 1639 2526 assiduam
1686 2484 1949 2545 operam
2002 2463 2071 2526 in
2128 2463 2409 2527 carmine
2465 2484 2585 2527 suo
2632 2461 2829 2526 collo—

417 2600 424 2609 ·
486 2590 669 2647 casse
722 2591 868 2651 per·
896 2590 965 2633 se
1021 2570 1235 2651 patet,
1293 2570 1361 2632 et
1416 2568 1609 2633 rebus
1666 2569 1943 2652 publicis
1999 2573 2067 2655 et
2120 2570 2393 2653 privatis
2450 2592 2598 2635 eum
2653 2570 2831 2633 intra

489 2675 613 2741 hos
661 2696 866 2740 annos
916 2697 955 2738 a
1002 2674 1344 2739 scribendo
1393 2675 1802 2741 abstractum
1848 2698 1988 2741 esse
2034 2677 2378 2741 verisimile
2428 2680 2545 2743 est.

663 2782 832 2846 Nam
906 2804 1050 2847 cum
1117 2781 1314 2848 Silius
1389 2783 1526 2866 ipse
1590 2784 1690 2849 vir
1768 2782 2125 2849 consularis
2193 2784 2435 2849 multos
2499 2784 2830 2849 Romanos

494 2888 952 2971 nobilissimos,
1004 2889 1116 2971 qui
1161 2890 1229 2952 in
1264 2888 1597 2972 republica
1633 2890 2083 2987 versabantur,
2130 2914 2350 2957 secum
2386 2891 2833 2955 familiaritate

384 3051 402 3081 x
489 2996 872 3069 coniunctos
936 2995 1236 3076 haberet,
1305 3001 1372 3062 et
1433 2996 1634 3079 filius,
1692 2992 1769 3062 ut
1822 3020 2017 3082 supra
2075 2999 2439 3080 docuimus,
2507 3021 2677 3063 anno
2744 3000 2830 3063 93

489 3102 715 3168 consul
763 3106 961 3185 esset,
1027 3105 1260 3187 poetae
1319 3104 1607 3168 animum
1663 3104 1857 3170 rebus
1912 3105 2187 3189 publicis
2246 3109 2635 3189 occupatum
2690 3127 2831 3171 esse

489 3210 679 3275 facile
743 3213 844 3275 est
899 3209 1210 3274 conicere.
1325 3211 1465 3288 Quo
1521 3234 1674 3277 vero
1732 3215 2024 3297 tempore
2078 3214 2285 3296 magis
2342 3213 2541 3303 animi
2593 3213 2833 3278 Roma-

487 3338 722 3384 norum
785 3316 1029 3400 aliquid
1084 3315 1465 3399 pollentium
1532 3319 1924 3383 commoveri
1972 3322 2039 3383 et
2106 3319 2409 3403 occupari
2480 3322 2835 3404 potuerunt

493 3445 688 3507 quam
761 3444 890 3505 quo
962 3460 1051 3471 —-—
1096 3426 1173 3488 ut
1227 3422 1524 3488 Tacitum
1572 3424 1810 3511 (Agric.
1861 3427 1949 3491 44
2004 3427 2103 3492 ed.
2154 3426 2395 3514 Haase)
2442 3448 2678 3510 sequar
2743 3428 2831 3474 -’-

494 3528 947 3612 „Domitianus
992 3550 1122 3595 non
1171 3530 1302 3596 iam
1349 3552 1463 3614 per
1509 3532 1851 3597 intervalla
1899 3556 1975 3598 ac
2022 3533 2423 3616 spiramenta
2469 3538 2833 3617 temporum

491 3637 607 3702 sed
635 3637 963 3702 continuo
1012 3640 1078 3703 et
1122 3636 1301 3701 velut
1353 3659 1483 3702 uno
1540 3639 1678 3724 ictu
1737 3640 2201 3724 rempublicam
2268 3641 2636 3720 exhausit“‚
2703 3661 2831 3723 quo

493 3742 733 3809 cotidie
779 3744 911 3808 fere
959 3743 1060 3808 vel
1115 3766 1289 3809 mors
1336 3743 1438 3808 vel
1495 3746 1791 3810 exsilium
1851 3747 2043 3810 amici
2097 3747 2200 3812 vel
2254 3748 2517 3831 cognati
2570 3747 2835 3811 nuntia-

491 3850 708 3931 batur,
775 3871 905 3933 quo
962 3872 1352 3934 unaquaque
1409 3851 1573 3916 hora
1628 3852 1766 3917 vita
1821 3852 2044 3918 divitis
2104 3857 2170 3919 et
2214 3854 2503 3939 potentis
2550 3852 2834 3919 hominis

491 3958 770 4023 Romani
815 3958 883 4021 in
920 3957 1266 4023 discrimen
1303 3959 1629 4023 veniebat.
1718 3960 1925 4039 Quam
1963 3961 2309 4026 immanem
2348 3966 2415 4027 et
2458 3961 2835 4027 continuam

495 4063 944 4153 crudelitatem
989 4064 1345 4130 Domitiani
1391 4087 1559 4131 anno
1610 4067 1695 4131 93
1745 4068 2073 4134 exstitisse
2130 4072 2328 4153 atque
2382 4068 2551 4150 inde,
2609 4070 2685 4133 ut
2738 4068 2837 4133 ita

495 4172 727 4255 dicam,
775 4172 1058 4257 viguisse
1105 4162 1386 4239 constat.
2398 4162 2404 4168 ⁸
