3134 4767
1246 136 1680 199 -11-

289 350 488 418 Silius
568 347 950 432 imperatori
1025 346 1406 423 assentandi
1477 368 1707 428 causa,
1792 344 2003 428 qualis
2056 346 2211 440 ²erat
2274 347 2639 428 temporum

290 456 546 522 illorum
603 476 763 535 mOS,
822 476 1044 519 versus
1101 452 1247 519 illos
1305 454 1455 543 libri
1510 453 1692 518 tertii
1738 452 2175 536 composuisse
2231 451 2507 532 videtur,
2565 453 2640 517 ut

290 565 372 628 iis
419 564 876 646 imperatorem
922 562 989 625 in
1034 562 1262 627 urbem
1317 562 1673 625 intrantem
1730 559 1920 643 quasi
1977 558 2311 623 salutaret.
2403 558 2638 623 Ne'scio

294 691 378 735 an
425 667 617 735 simul
672 671 870 752 poeta
923 665 1126 733 libros
1175 668 1434 751 aliquot
1479 667 1855 733 Domitiano
1916 664 2329 731 dedicaverit.
2434 666 2640 745 Quam
2700 643 2717 660 ⁰

293 776 723 860 suspicionem
771 775 934 839 haut
991 775 1250 840 inanem
1298 797 1438 839 esse
1507 796 1590 838 ex
1644 794 1721 839 eo
1785 772 2075 855 intellegi
2139 775 2388 855 potest,
2466 772 2640 856 quod

293 885 546 948 aestate
585 882 738 947 anni
777 882 868 949 93
907 880 1077 946 filius
1115 882 1321 947 maior
1347 880 1491 949 Silii
1529 880 1755 945 consul
1780 879 2157 963 designatus
2196 882 2384 944 erat.'
2432 880 2641 957 Quam

292 990 605 1072 temporis
672 989 1111 1053 definitionem
1187 988 1388 1053 debeo
1453 988 1593 1053 viro
1653 987 2029 1053 doctissimo
2090 974 2371 1067 Stobbe,
2448 1007 2641 1069 quem

203 1132 216 1137 ν
293 1096 586 1180 sequitur
640 1095 710 1161 L.
769 1094 1278 1181 Friedlaenderl)
1336 1095 1496 1159 haec
1563 1094 1812 1159 dicens:
1888 1094 2059 1177 „Das
2112 1092 2455 1175 Consulat,
2525 1093 2641 1157 das

293 1203 626 1269 Domitian
674 1202 816 1267 dem
867 1202 1055 1267 einen
1102 1201 1213 1267 der
1259 1201 1490 1267 beiden
1528 1200 1746 1268 Sohne
1794 1199 1907 1265 des
1954 1199 2151 1266 Silius
2189 1199 2453 1281 verlieh,
2499 1198 2643 1267 faut

163 1336 179 1343 ‚
292 1308 462 1373 nach
503 1309 676 1373 einer
708 1309 1121 1391 Bemerkung
1158 1330 1286 1374 von
1323 1308 1576 1375 Stobbe
1613 1306 1742 1373 wol
1778 1307 1847 1371 in
1885 1308 2001 1372 das
2037 1306 2237 1372 letzte
2262 1306 2641 1371 Nundinum

294 1415 405 1479 des
452 1415 683 1480 Jahres
731 1417 854 1481 93“
909 1418 977 1480 et
1022 1415 1215 1498 paulo
1262 1412 1456 1480 infra:
1515 1414 1690 1497 „also
1737 1412 1945 1479 bleibt
1981 1413 2083 1477 fiir
2121 1412 2317 1480 Silius
2362 1435 2485 1478 nur
2525 1414 2644 1478 das

292 1522 487 1586 letzte
524 1521 900 1586 Nundinum
946 1543 1096 1585 vom
1147 1524 1204 1586 1.
1244 1521 1424 1605 Sept.
1469 1520 1551 1586 ab
1600 1520 1779 1585 frei.“
1876 1519 2198 1585 Martialis
2245 1520 2643 1604 epigramma

295 1630 378 1698 66
435 1628 586 1697 libri
630 1628 789 1710 VIII,
849 1650 1040 1711 quem
1095 1627 1600 1717 Friedlaender2)
1661 1648 1832 1691 anno
1890 1629 1975 1693 93
2032 1650 2093 1711 p.
2136 1626 2284 1692 Chr.
2336 1627 2642 1692 emissum

295 1756 434 1800 esse
497 1735 748 1816 docuit,
817 1738 884 1799 et
948 1756 1114 1818 quae
1155 1735 1324 1823 ,aliis
1395 1735 1554 1800 locis
1630 1734 1709 1799 de
1782 1733 2157 1799 consulibus
2231 1733 2424 1799 huius
2491 1734 2645 1799 anni

294 1844 902 1921 commemorantur,
951 1842 1106 1918 viris
1149 1841 1544 1907 doctissimis
1583 1841 1775 1906 huius
1815 1841 2130 1925 temporis
2169 1839 2643 1906 determinandi
2665 1839 2681 1849 “

295 1969 520 2012 ansam
567 1947 901 2013 dederunt.
1309 1930 1320 1937 .

471 2054 792 2120 Martialis
831 2054 1002 2119 enim
1049 2054 1089 2119 l.
1129 2053 1170 2119 l.
1213 2053 1374 2122 Silio
1410 2054 1801 2137 gratulatur,
1851 2054 2027 2136 quod
2065 2052 2235 2119 filius
2283 2054 2529 2136 pariter
2567 2075 2643 2119 ac

292 2162 470 2246 prius
507 2164 693 2244 pater
729 2162 798 2225 in
835 2160 1266 2244 consulatum,
1315 2183 1638 2226 summum
1683 2161 2078 2244 reipublicae
2115 2160 2450 2241 honorem,
2500 2182 2643 2245 per-

294 2268 563 2333 venerit.
667 2268 833 2345 Quid
888 2269 1090 2351 igitur
1147 2269 1354 2351 magis
1412 2270 1921 2334 consentaneum
1985 2267 2075 2331 sit
2138 2266 2207 2332 id
2270 2267 2644 2350 respicienti

296 2396 494 2458 quam
557 2374 926 2464 coniectare
992 2374 1437 2440 Domitianum
1513 2374 1704 2457 quasi
1776 2374 2059 2457 gratiam
2132 2373 2379 2439 ferendi
2444 2395 2643 2439 causa

296 2481 480 2563 Silio,
549 2481 724 2564 quod
789 2480 1014 2547 laudes
1079 2504 1232 2546 suas
1298 2481 1532 2547 eximie
1597 2480 2015 2561 celebrasset,
2083 2480 2220 2545 filio
2270 2481 2408 2545 eius
2461 2479 2643 2545 illum

197 2584 204 2591 “
294 2586 609 2653 honorem
656 2587 1008 2653 tribuisse?
1097 2589 1328 2671 Itaque
1374 2587 1547 2653 hunc
1596 2586 2005 2653 consulatum
2060 2586 2178 2653 filii
2232 2589 2466 2672 poetae
2512 2603 2673 2651 non*

277 2694 524 2759 --leviter
571 2714 768 2777 quam
822 2716 1019 2778 supra
1076 2694 1463 2778 protulimus
1511 2695 1907 2759 sententiam
1966 2693 2043 2758 de
2104 2693 2387 2759 editione
2435 2694 2643 2759 totius

294 2800 598 2865 carminis
645 2798 748 2863 vel
789 2802 997 2883 partis
1045 2801 1382 2866 cuiusdam
1428 2801 1733 2865 adiuvare
1780 2803 1959 2885 puto.

474 2906 828 2986 Quaerenti
889 2928 1060 2970 nunc
1123 2908 1255 2971 iam
1318 2907 1506 2989 mihi,
1573 2909 1795 2972 utrum
1852 2909 2068 2972 totum
2127 2928 2387 2972 carmen
2445 2906 2642 2972 Silius

294 3011 550 3095 publice
596 3014 1007 3098 proposuerit
1053 3034 1137 3077 an
1181 3016 1433 3097 partem
1483 3014 1829 3095 quandam,
1888 3015 2185 3098 primum·
2224 3014 2643 3079 statuendum

297 3123 399 3184 est
461 3120 601 3185 fieri
662 3140 793 3184 non
859 3120 1171 3203 potuisse,
1237 3123 1314 3185 ut
1369 3121 1587 3184 totum
1653 3141 1911 3185 carmen
1989 3141 2157 3186 anno
2226 3122 2309 3185 92
2376 3143 2437 3204 p.
2490 3119 2639 3187 Chr.

297 3224 652 3291 ederetur(
717 3226 914 3291 Cuius
976 3226 1072 3291 rei
1137 3226 1568 3291 certissimum
1634 3227 1996 3293 invenimus
2060 3227 2509 3293 testimonium
2574 3227 2642 3292 in

297 3333 422 3397 fine
468 3332 619 3397 libri
664 3333 808 3399 XIV
853 3333 1001 3398 inde
1050 3354 1090 3397 a
1134 3356 1194 3397 v.
1245 3334 1404 3400 683:

481 3457 762 3541 „Felices
807 3458 1055 3542 populi!
1129 3458 1185 3522 si
1233 3458 1561 3542 quondam
1608 3461 1683 3524 ut
1730 3457 1900 3523 bella
1945 3459 2248 3525 solebant

474 3563 660 3629 Nunc
708 3586 966 3649 quoque
1012 3566 1438 3630 inexhaustas
1483 3586 1616 3649 pax
1660 3567 1888 3630 nostra
1942 3564 2336 3648 relinqueret
2380 3568 2626 3635 urbes„

471 3670 561 3734 At
606 3672 675 3736 ni
722 3693 877 3736 cura
923 3673 1065 3753 viri,
1115 3672 1226 3754 qui
1269 3694 1440 3736 nunc
1488 3671 1668 3736 dedit
1715 3672 1853 3737 otia
1897 3672 2141 3753 mundi,

471 3776 800 3841 Effrenum
845 3782 1095 3843 arceret
1142 3778 1493 3863 populandi
1540 3780 1776 3843 cuncta
1821 3777 2125 3859 furorem,

473 3883 849 3949 Nudassent
894 3886 1123 3950 avidae
1170 3889 1506 3969 terrasque
1554 3883 1921 3968 fretumque
1968 3886 2295 3969 rapinae“.

473 4112 517 4180 ¹)
553 4112 588 4166 1.
627 4113 662 4166 1.
701 4131 753 4182 p.
790 4090 913 4169 4'34.

474 4200 516 4271 2)
551 4200 588 4255 1.
625 4201 662 4256 1.
699 4220 753 4273 p.
790 4204 912 4258 433.
