3134 4767
1471 156 1853 226 ...4-

483 373 552 441 in
590 358 1016 441 adnotatione
1053 375 1271 456 tertia,
1312 397 1391 441 se
1418 376 1585 461 -ipse,
1622 379 1700 440 ut
1736 376 1834 439 ita
1872 375 2105 455 dicam,
2146 374 2512 455 emendans,
2554 364 2820 438 co'nicit:

483 480 824 548 Vielleicht
871 482 1014 547 dem
1059 481 1276 547 Nerva
1321 482 1442 565 gilt
1488 505 1595 547 am
1640 481 1947 549 Schlusse
1995 503 2125 545 von
2169 480 2346 545 XIV:

402 589 406 595 ’
803 592 876 653 at
919 590 990 653 ni
1035 610 1191 653 cura
1235 589 1379 671 viri,
1430 590 1543 673 qui
1588 610 1759 654 nunc
1807 588 1986 653 dedit
2028 588 2167 652 otia
2210 588 2435 651 mundi

802 696 1111 760 effrenum
1159 698 1410 760 arceret
1453 694 1808 780 populandi
1856 697 2092 774 cuncta
2136 694 2417 760 furorem

799 800 1161 867 nudassent
1205 800 1435 867 avidae
1481 804 1819 884 terrasque
1865 800 2232 883 fretumque
2280 801 2557 865 carinae.
2608 839 2693 849 --

638 926 1192 991 Friedlaenderus
1206 927 1253 1013 1)
1319 926 1844 1009 chronologicam
1910 926 2359 1010 quaestionem
2426 926 2652 1008 attigit
2719 926 2822 989 his

484 1032 728 1099 verbis:
799 1032 1041 1115 „Silius
1106 1036 1311 1097 nennt
1375 1032 1498 1097 den
1562 1033 1745 1099 Sohn
1808 1033 2177 1098 Domitians
2241 1032 2308 1097 in
2374 1032 2497 1096 den
2557 1032 2823 1113 damals,

485 1138 776 1224 (Martial
818 1140 921 1221 IV,
985 1140 1069 1203 14
1115 1139 1157 1203 i.
1199 1161 1254 1205 e.
1303 1161 1474 1208 anno
1529 1140 1651 1224 88)
1706 1160 1808 1204 wo
1864 1139 2049 1204 nicht
2104 1157 2299 1223 ganz,
2366 1139 2534 1203 doch
2583 1136 2825 1202 bereits

485 1245 797 1311 teilweise
853 1245 1262 1311 vollendeten
1315 1246 1564 1310 Punica
1607 1246 1877 1347 Ill-627
1928 1269 2024 1330 sq.
2067 1247 2385 1311 sidereum
2442 1284 2529 1293 --
2574 1248 2821 1309 natum.
2912 1234 2919 1241 ’

663 1370 842 1449 Quae
878 1370 1075 1434 modo
1113 1371 1634 1451 commemoravi,
1673 1371 1803 1435 iam
1842 1374 1997 1436 ante
2030 1393 2269 1437 annum
2306 1371 2371 1435 h.
2399 1392 2449 1436 s,
2489 1370 2825 1449 LXXVIII,

486 1496 616 1559 quo
680 1475 849 1541 hanc
913 1497 1050 1541 rem
1113 1476 1248 1541 iam
1311 1475 1891 1560 pertractaveram,
1970 1478 2209 1541 eisdem
2270 1478 2403 1542 fere
2458 1477 2675 1542 verbis
2744 1514 2826 1523 —-

484 1587 807 1667 perpauca
833 1583 1082 1647 mutavi
1112 1620 1198 1631 --
1225 1583 1471 1666 scripta
1501 1587 1706 1649 erant.
1762 1584 1863 1648 Ex
1898 1584 1980 1649 iis
2016 1583 2271 1665 libellis,
2316 1583 2430 1667 qui
2463 1587 2614 1667 post
2642 1582 2825 1648 illum

485 1711 728 1755 annum
791 1690 860 1753 in
917 1688 1125 1754 lucem
1181 1690 1593 1773 prodierunt,
1660 1691 1743 1754 ad
1797 1690 1965 1754 hanc
2030 1690 2479 1773 quaestionem
2544 1690 2827 1773 pertinet

484 1800 744 1863 tantum
780 1795 962 1861 locus
1000 1819 1036 1860 e
1074 1796 1536 1862 dissertatione
1575 1796 1931 1863 Schinkelii
1948 1796 1997 1881 2)
2036 1797 2312 1881 petitus:
2375 1846 2673 1876 .....
2680 1818 2827 1861 cum

485 1901 682 1969 Silius
751 1952 766 1967 .
819 1952 833 1966 .
886 1952 901 1967 .
953 1954 966 1967 .
1027 1903 1381 1969 maximam
1439 1907 1615 1969 certe
1681 1903 1985 1968 carminis
2051 1907 2306 1986 partem
2370 1903 2609 1968 eisdem
2664 1906 2827 1968 tem-

485 2010 753 2093 poribus
826 2009 1291 2093 composuerit,
1379 2009 1617 2093 quibus
1702 2010 2140 2087 Quintilianus
2225 2013 2292 2073 et
2366 2010 2631 2074 Tacitus
2708 2032 2827 2075 sua

486 2115 942 2199 scripserunt?
1037 2117 1112 2181 In
1158 2116 1586 2201 adnotatione
1633 2118 1899 2180 exstant
1942 2114 2131 2180 haec:

754 2221 990 2303 „Libro
1029 2222 1135 2303 HI,
1183 2245 1245 2288 v.
1285 2223 1639 2289 607—629
1685 2222 2039 2305 imperator
2076 2222 2488 2289 Domitianus
2524 2222 2827 2289 laudibus

579 2328 902 2411 „effertur,
953 2349 1082 2411 qua
1128 2350 1199 2392 re
1244 2328 1350 2393 hic
1396 2328 1578 2393 locus
1627 2332 1777 2411 post
1822 2315 2064 2393 annum
2110 2328 2375 2395 LXXXI
2404 2330 2825 2414 ,conscriptus

579 2438 750 2516 „est3
790 2456 983 2518 porro
1015 2433 1185 2501 libro
1216 2434 1361 2500 XIV
1398 2435 1805 2523 (687—689)
1837 2436 2247 2519 imperatoris
2275 2434 2526 2501 Nervae
2560 2438 2670 2523 (-—
2694 2460 2829 2502 non

576 2542 995 2623 „Domitiani‚
1044 2545 1119 2607 ut
1165 2541 1278 2607 alii
1323 2563 1621 2625 perverse
1666 2532 2041 2607 statuerunt
2092 2542 2199 2629 —-)
2245 2542 2387 2607 laus
2434 2544 2824 2626 continetur,

577 2648 716 2729 „ita
769 2653 845 2713 ut
900 2647 1008 2713 hic
1053 2648 1218 2714 liber
1263 2652 1414 2732 post
1471 2671 1713 2713 annum
1757 2648 1957 2715 XVIC
2013 2650 2409 2734 compositus
2458 2651 2564 2715 sit.
2678 2652 2825 2716 Jam

577 2755 677 2837 „si
731 2759 903 2820 recte
959 2755 1303 2837 sumimus,
1369 2754 1436 2821 id
1495 2756 1670 2838 quod
1726 2778 1761 2819 e
1815 2755 2025 2823 Servii
2082 2755 2258 2843 (vita
2303 2756 2488 2841 Verg.
2538 2780 2599 2840 p.
2648 2756 2677 2822 I
2720 2757 2826 2842 R.)
2910 2759 2916 2766 '

579 2864 690 2942 „et
744 2858 988 2949 Donati
1043 2860 1138 2946 (p.
1186 2861 1317 2927 LX.
1365 2861 1470 2948 R.)
1535 2861 1709 2943 1000,
1776 2884 1811 2926 e
1877 2861 2245 2929 Thebaidos
2309 2863 2431 2927 XII
2485 2865 2615 2929 812
2670 2867 2737 2929 et
2793 2886 2827 2928 e

580 2966 879 3051 „Dialogi
934 2967 1183 3033 Tacitei
1239 2968 1452 3051 capite
1505 2966 1597 3033 lx
1656 2968 1937 3049 conicio,
2002 2968 2234 3036 Silium
2296 2970 2567 3051 singulis
2631 2970 2829 3037 Puni-

578 3094 844 3155 ,‚corum
888 3074 1074 3140 libris
1130 3073 1541 3141 elaborandis
1598 3075 1789 3139 unius
1850 3074 1982 3140 fere
2040 3077 2194 3140 anni
2245 3075 2531 3160 spatium
2584 3076 2827 3161 impen-

578 3181 820 3263 „disse‚
879 3181 1158 3264 primum
1221 3180 1525 3246 carminis
1582 3181 1819 3246 librum
1885 3181 2145 3247 circiter
2210 3203 2450 3246 annum
2505 3184 2829 3267 octogesi-

579 3309 799 3369 „mum
863 3290 1168 3371 quartum
1234 3287 1554 3369 condidit,
1630 3310 1871 3353 annum
1947 3310 2145 3371 agens
2218 3289 2823 3373 quinquagesimum

581 3396 922 3477 „sextum“
979 3432 1068 3442 -
1121 3394 1189 3458 in
1245 3415 1322 3460 eo
1377 3395 1550 3459 ratio
1608 3397 1943 3459 auctorem
1998 3394 2295 3461 fefellisse
2342 3397 2625 3469 videtur,
2682 3419 2827 3461 cum

622 3499 854 3567 Silium
909 3522 1078 3566 anno
1135 3500 1226 3569 25
1282 3522 1342 3585 p.
1392 3500 1541 3566 Chr.
1591 3504 1819 3566 natum
1876 3523 2016 3569 esse
2071 3505 2329 3567 constet
2389 3541 2495 3583 -,
2526 3503 2649 3584 „de
2697 3520 2825 3587 quo

580 3606 941 3689 „Martialis
1005 3629 1124 3694 suo
1189 3608 1328 3685 iure
1394 3607 1605 3673 dicere
1670 3612 1895 3693 posset
1964 3631 2060 3692 ep.
2118 3609 2257 3691 VII,
2326 3611 2439 3676 63:
2521 3610 2827 3676 emeritos

581 3712 824 3794 „Musis
873 3716 940 3777 et
984 3714 1250 3780 Phoebo
1298 3714 1573 3779 tradidit
1617 3721 1885 3785 annos.‘.‘

759 3821 944 3901 „Qua
989 3842 1136 3885 cum
1183 3820 1556 3888 coniectura
1612 3820 1778 3886 bene
1816 3825 2202 3909 ,congruunt
2255 3822 2384 3888 loci
2431 3845 2465 3887 e
2512 3820 2695 3889 libris
2740 3823 2828 3888 III

580 3929 692 4009 „et
735 3924 880 3993 XIV
924 3926 1194 4009 laudati,
1243 3949 1278 3993 e
1327 3949 1456 4012 qua
1500 3928 1665 3993 liber
1709 3929 1798 3993 111
1843 3928 1975 3994 fere
2022 3949 2191 3995 anno
2238 3928 2605 4011 LXXXVII,
2663 3929 2826 3993 liber

669 4140 710 4210 ¹)
746 4138 1174 4210 Darstellungen
1199 4157 1298 4195 aus
1323 4140 1425 4195 der
1449 4140 1951 4213 Sittengeschichte
1976 4142 2146 4197 Roms
2172 4146 2292 4212 etc„
2331 4142 2439 4197 vol.
2464 4142 2546 4197 111
2566 4143 2591 4175 ⁶
2623 4160 2677 4211 p.
2703 4140 2824 4197 442.

668 4228 712 4305 2)
749 4229 998 4301 Quaestt.
1038 4229 1282 4286 Silianae
1323 4229 1452 4285 diss.
1490 4230 1641 4301 Lips.
1682 4230 1821 4286 1883
1857 4248 1911 4300 p.
1952 4231 1983 4285 7
2024 4234 2079 4286 et
2116 4232 2305 4287 adnot.
