3134 4767
1317 148 1695 213 —5-..

423 364 608 445 „XIV
681 383 850 427 anno
923 360 1147 428 XVIIC
1220 362 1621 469 compositus
1694 362 1810 442 sit,
1884 362 1997 427 sed
2066 364 2430 447 oppugnat,
2497 359 2674 445 quod

423 469 786 553 „Martialis
831 468 996 534 liber
1043 472 1337 552 1111311113,
1395 469 1465 533 111
1511 490 1641 554 quo
1690 467 1939 536 Punica
1983 468 2333 535 laudantur
2382 467 2508 553 (IV,
2562 467 2671 553 14)

425 578 752 659 „virorum
792 576 1132 642 doctorum
1170 576 1496 641 sententia
1534 574 1673 663 (cfr.
1704 574 2226 644 Friedlaenderl.
2247 575 2290 640 l.
2312 575 2401 640 ΠΙ
2428 598 2491 659 p.
2513 574 2671 661 430)

424 694 642 766 ,,311110’
711 682 1342 766 duodenonagesimo
1417 684 1549 748 iam
1622 683 1884 767 prodiit.
2022 683 2400 748 Putaverim
2471 682 2673 765 igitur

425 790 833 872 „Martialem
880 789 991 855 illo
1039 794 1332 873 tempore
1387 812 1522 855 non
1577 793 1795 855 totum
1840 789 1985 857 Silii
2030 772 2310 871 car-meri,
2372 790 2488 855 sed
2534 810 2673 854 car-

427 897 659 979 „minis
704 899 960 980 partem
1005 896 1107 961 vel
1154 897 1290 962 eius
1338 894 1679 963 consilium
1724 896 2059 979 cognitum
2103 897 2476 963 habuisse.“
2522 949 2530 958 s

510 1018 917 1105 Quamquam
983 1025 1316 1090 auctorem
1373 1016 1600 1088 eadem
1646 1021 1795 1100 ‚fere
1860 1021 2237 1089 coniciendo
2302 1024 2693 1088 assecutum*

181 1136 212 1159 ¹*
333 1150 472 1195 esse
518 1128 792 1212 gaudeo,
851 1150 1016 1212 quae
1066 1150 1185 1212 ego
1232 1130 1364 1194 iam
1411 1131 1564 1193 ante
1609 1129 1731 1193 hos
1778 1131 1929 1193 octo
1977 1150 2182 1194 annos
2228 1129 2385 1195 viris
2432 1130 2676 1195 doctis-

331 1236 512 1300 simis
577 1236 660 1301 ad
723 1236 1064 1301 scientiam
1118 1236 1423 1301 iuvenum
1478 1236 1844 1300 litterarum
1900 1220 2339 1302 studiosorum
2388 1238 2673 1301 temtan-

335 1342 486 1407 dam
532 1342 862 1434 ordinatis³
895 1344 1224 1427 proposui,
1273 1346 1494 1407 tamen
1534 1364 1731 1427 opera
1766 1364 1913 1407 mea
1958 1344 2027 1407 in
2070 1342 2241 1409 hanc
2279 1365 2415 1409 rem
2451 1365 2673 1409 rursus
2795 1381 2806 1386 ›-

329 1449 699 1531 inquirendi
735 1450 847 1513 vix
892 1449 1129 1531 futtilis
1176 1450 1283 1530 sit,
1333 1471 1478 1515 cum
1528 1453 1596 1514 et
1633 1453 2017 1533 argumenta
2054 1451 2216 1515 satis
2252 1450 2465 1531 firma,
2509 1473 2674 1534 quae

331 1556 400 1619 in
463 1555 577 1620 illa
643 1556 1098 1621 dissertatione
1160 1556 1423 1637 desunt,
1505 1555 1793 1640 proferre
1857 1558 2133 1641 possim,
2205 1560 2273 1622 et
2342 1557 2673 1637 nonnulla,

334 1683 500 1745 quae
538 1662 946 1729 Schinkelius
993 1662 1462 1746 praetereundo
1501 1663 1613 1729 vix
1649 1663 1880 1729 leviter
1917 1664 2299 1747 perstrinxit
2344 1663 2448 1729 vel
2485 1663 2675 1749 plane

334 1768 574 1849 omisit,
627 1769 994 1835 accuratius
1043 1770 1436 1835 excusserim
1482 1769 1585 1835 vel
1628 1770 2007 1835 addiderim.

415 1880 470 1939 ‚⁶
509 1875 603 1942 Ac
669 1876 946 1961 primum
1013 1864 1276 1959 quide'm
1341 1878 1419 1941 de
1481 1876 1634 1942 libri
1697 1877 1879 1942 tertii
1941 1877 2237 1950 versibus
2302 1879 2519 1945 607-
2544 1880 2673 1945 629

335 1981 678 2047 dicendum
733 1986 834 2048 est
849 2035 864 2064 ,
924 1983 1160 2067 quibus
1206 1984 1617 2050 Domitianus
1671 1984 1941 2049 summis·
1992 1984 2296 2050 laudibus
2350 1984 2560 2069 iisque
2607 1986 2675 2051 in

334 2110 676 2154 summam
698 2092 1082 2174 turpemque
1137 2090 1581 2156 adulationem
1637 2090 2017 2181 compositis
2076 2092 2357 2158 effertur.
2453 2092 2675 2170 Qualis

333 2196 424 2261 sit
493 2195 726 2262 horum
809 2218 1116 2263 versuum
1213 2218 1499 2263 0011031113
1580 2220 1729 2263 cum
1802 2198 2366 2281 antecedentibu8‚
2448 2201 2675 2285 paucis

335 2302 656 2387 explicare
703 2303 864 2369 mihi
882 2280 1130 2370 liceat:
1191 2304 1544 2369 Hannibali
1578 2305 1773 2389 Alpes
1818 2308 2226 2388 transgresso
2274 2327 2419 2370 cum
2458 2306 2675 2371 aditus
2768 2296 2781 2311 ⁸

335 2410 419 2473 ad
472 2410 746 2474 Romam
809 2412 1034 2493 patere
1089 2411 1445 2492 vi'deretur,
1503 2411 1743 2493 VenUS,
1808 2410 2119 2493 Romanis
2182 2412 2432 2477 dilectis
2487 2413 2675 2477 valde

332 2517 590 2598 timens,
640 2516 868 2581 Jovem
913 2510 1212 2600 precibus
1259 2519 1418 2583 adit.
1515 2518 1641 2597 Qui
1687 2540 1829 2583 eam
1874 2518 2206 2584 solaturus
2249 2514 2675 2589 vaticinantis

332 2624 401 2687 in
483 2622 748 2689 modum
831 2626 1101 2707 exponit
1180 2624 1422 2690 bellum
1495 2624 1807 2691 Romanis
1890 2624 2056 2691 bene
2138 2628 2520 2691 eventurum
2608 2632 2676 2691 et
2730 2636 2737 2639 ’

333 2730 676 2814 imperium
711 2730 1076 2797 Romanum
1120 2731 1316 2817 longo
1363 2717 1731 2816 temporum
1770 2732 1985 2816 spatio
2023 2733 2395 2799 intermisso
2435 2732 2676 2799 Flaviis

332 2836 760 2920 regnantibus
791 2815 1176 2903 altissimum
1207 2838 1454 2922 gloriae
1488 2842 1555 2903 et
1586 2840 1923 2923 potentiae
1950 2839 2225 2923 gradum
2258 2858 2677 2909 ascensurum

335 2964 494 3009 esse.
581 2945 978 3028 Vespasiano
1013 2949 1082 3010 et
1116 2945 1264 3011 Tito
1295 2946 1444 3011 inde
1481 2968 1520 3011 a
1553 2968 1614 3011 v.
1646 2946 1999 3015 597—606
2038 2985 2121 2995 —
2150 2946 2382 3012 'decem
2414 2950 2675 3013 tantum

333 3050 628 3116 versibus
679 3089 758 3099 —
795 3045 1218 3134 collaudatis,
1275 3056 1500 3138 poetar
1545 3054 1780 3136 viginti
1844 3056 1979 3118 tres
2034 3075 2260 3119 versus
2306 3092 2394 3102 -—
2440 3054 2588 3120 inde
2636 3077 2676 3118 a

333 3180 394 3222 v.
446 3158 674 3223 607—
685 3158 814 3224 629
880 3198 962 3210 -—
1028 3160 1110 3223 ad
1173 3151 1622 3225 Domitianum
1684 3160 2010 3241 maximo
2035 3160 2384 3226 verborum
2440 3163 2678 3228 ornatu

332 3264 838 3347 praedicandum
911 3265 1198 3331 adhibet.
1321 3266 1423 3331 Ex
1497 3267 1735 3351 quibus
1801 3267 1958 3351 quid
2030 3266 2192 3333 lucri
2258 3268 2350 3332 in
2380 3242 2674 3335 nostram

336 3371 845 3454 disputationem
903 3376 1188 3454 emanet,
1255 3372 1443 3438 facile
1498 3373 1940 3457 intellegetur,
1998 3374 2055 3438 si
2110 3373 2398 3458 singulas
2451 3375 2677 3441 lauda-

334 3477 538 3541 tionis
589 3481 808 3561 partes
872 3480 1244 3546 accur-atius
1302 3480 1873 3565 pertractabimus,
1937 3480 2005 3545 id
2062 3481 2238 3565 quod
2296 3503 2371 3547 eo
2437 3482 2675 3548 iustius

333 3584 472 3648 fieri
520 3584 794 3666 videtur,
844 3586 1022 3669 quod
1065 3587 1134 3651 in
1181 3587 1663 3653 commentariis
1720 3588 2078 3654 editionum
2134 3608 2268 3685 11011
2298 3586 2485 3655 'satis
2532 3612 2676 3673 per-

335 3691 553 3774 spicue
599 3691 750 3756 illae
797 3693 1168 3778 explicatae
1205 3698 1376 3759 sunt.
1708 3720 1727 3753 r

512 3798 748 3864 Versus
796 3802 925 3867 607
976 3803 1232 3885 spectat
1279 3803 1363 3866 ad
1404 3824 1530 3887 reS,
1582 3798 1746 3888 quas
1793 3825 1831 3868 a
1878 3802 2254 3869 Domitiano
2280 3802 2371 3873 111
2416 3800 2675 3879 Chattis

335 3925 506 3970 anno
556 3906 640 3971 83
688 3910 908 3990 gestas
966 3929 1108 3974 esse
1163 3909 1603 3999 Mommsenus
1620 3912 1671 3999 1)
1732 3911 2155 3976 demonstrat.
2264 3910 2675 3974 Domitianus

335 4034 418 4077 ex
461 4011 588 4078 hoc
634 4012 806 4081 bello
853 4034 1147 4081 reversus
1194 4038 1342 4083 cum
1378 3996 1717 4083 simularet
1752 4038 1822 4083 se
1858 4016 2201 4084 victoriam
2238 4017 2709 4105 reportavisse-

515 4207 556 4281 1)
592 4208 749 4265 Rom.
787 4200 984 4283 Gesch.
1021 4210 1132 4265 vol.
1169 4210 1231 4265 V.
1268 4228 1321 4282 p.
1359 4210 1481 4265 316.
