3134 4767
1433 112 1689 177 --32
1774 149 1862 161 -..

1209 282 1214 289 “
1335 324 1476 391 Lib.
1516 281 1685 391 XIII*
1711 347 1772 389 v.
1812 324 1964 390 541.

653 431 875 517 Simile
932 432 1164 496 vitium
1221 433 1420 515 atque
1477 432 1573 496 in
1601 431 1711 498 illo
1759 453 1953 497 versu
1997 431 2147 499 libri
2190 431 2283 499 XI
2328 433 2405 497 in
2459 456 2651 500 versu
2688 434 2816 500 541

477 536 628 602 libri
673 538 830 606 XIII
876 537 1080 603 latere
1125 540 1286 604 mihi
1331 539 1642 629 persuasi
1735 538 1933 607 Silius
1990 539 2059 605 in
2110 540 2541 626 descriptione
2598 541 2822 607 decem

477 631 833 728 portarum,
875 667 1042 729 quae
1079 668 1279 729 regna
1315 645 1669 712 inferorum
1706 646 1997 731 cingunt,
2048 648 2125 713 de
2164 648 2397 731 quinta
2433 650 2625 732 porta
2660 649 2824 715 haec

478 751 638 817 dicit
682 774 742 817 v.
791 753 922 818 540
968 775 1072 836 sq:

797 860 1106 925 Proxima
1152 882 1316 943 quos
1362 862 1542 927 venti
1588 884 1948 946 saevaeque
1991 862 2265 929 hausere
2309 861 2628 948 procellae

801 966 1131 1051 Naufraga
1177 972 1370 1052 porta
1415 970 1609 1053 rapit.

657 1074 798 1139 Hoc
843 1074 988 1140 loco
1038 1078 1104 1138 et
1149 1074 1290 1159 ipso
1341 1096 1563 1142 omnes
1608 1076 1994 1160 interpretes
2040 1042 2292 1158 tacent3
2322 1076 2587 1141 nullus
2602 1094 2823 1142 eorum

483 1182 832 1248 offenditur
878 1182 1077 1250 verbo
1133 1186 1461 1267 ,Ur-aper&
1520 1184 1695 1268 quod
1755 1206 1901 1249 cum
1954 1187 2220 1269 „“porta
2275 1184 2579 1266 coniungi
2633 1204 2826 1266 posse

375 1292 382 1297 ’
483 1310 670 1373 nego.
765 1289 1024 1374 Optime
1083 1294 1313 1356 contra
1369 1292 1652 1374 quadrat
1706 1292 1976 1358 verbum
2034 1290 2429 1355 simillimum
2492 1292 2827 1374 „capere“²

483 1396 550 1460 id
598 1396 784 1480 quod
837 1397 1035 1463 Silius
1090 1398 1228 1482 ipse
1284 1398 1380 1463 it'a
1435 1398 1738 1464 adhibuit
1793 1395 1939 1537 libr.
1986 1398 2099 1465 VH
2144 1398 2388 1464 v.174
2434 1418 2658 1481 cepere
2714 1416 2832 1461 vo-

483 1501 724 1568 lentem
770 1504 1035 1570 Fumcsi
1080 1508 1320 1589 postes.
1636 1539 1648 1555 1

664 1610 800 1676 Hos
856 1610 1034 1677 lecos
1089 1634 1173 1676 ex
1217 1633 1485 1685 numero
1533 1633 1785 1695 eorum,
1844 1634 2008 1695 quos
2060 1610 2437 1677 coniciendo
2488 1610 2831 1676 emendare

490 1720 764 1783 conatus
811 1740 974 1800 sum,
1023 1718 1238 1802 selegi,
1291 1719 1462 1802 quod
1509 1720 1578 1783 in
1622 1720 1703 1785 iis
1750 1722 2009 1785 tantum
2054 1740 2159 1783 me
2192 1716 2357 1784 recti
2404 1716 2649 1801 aliquid
2686 1738 2835 1782 sen-

489 1826 651 1891 sisse
695 1846 1078 1912 persuasum
1121 1825 1355 1893 habeo.
