3134 4767
599 1176 742 1311 ΙΙ.
777 1234 786 1241 ·
817 1178 1747 1399 Emendationes
1824 1180 2378 1321 Silianae.

489 1606 568 1671 H.
617 1607 821 1689 Blass,
891 1608 1004 1691 qui
1061 1609 1138 1672 de
1195 1608 1496 1688 carminis
1542 1608 1775 1675 Siliani
1820 1632 1889 1674 re
1938 1611 2167 1676 critica
2214 1613 2654 1696 compluribus

313 1712 548 1780 libellis
595 1715 841 1800 optime
885 1710 1158 1780 meritus
1205 1716 1312 1798 sit,
1361 1698 1779 1799 praematura
1824 1720 2035 1783 morte
2092 1723 2385 1803 ereptum
2433 1721 2657 1788 dolent

314 1842 557 1903 omneS,
605 1815 719 1905 qui
753 1823 821 1886 in
868 1843 944 1887 eo
994 1825 1249 1888 omriem
1296 1844 1472 1905 spem
1520 1827 1876 1906 posuerant
1921 1824 2057 1889 fore
2094 1830 2169 1890 ut
2214 1826 2465 1893 Punica
2510 1851 2655 1894 cum

311 1930 458 1993 toto
515 1932 835 2012 apparatu
889 1930 1116 1993 critico
1175 1929 1534 1994 ederentur.
1616 1930 1766 1995 Sed
1830 1952 1973 1995 oum
2058 1932 2429 1999 etiamnunc
2483 1934 2655 2001 illius

310 2034 606 2100 thesauri
644 2032 896 2100 critici
874 2056 1103 2119 inopes
1128 2036 1348 2117 simuS,
1387 2035 1509 2101 hos
1532 2037 1877 2119 praecipue
1914 2038 2093 2103 locos
2115 2042 2401 2105 tractare
2438 2042 2653 2124 liceat,

311 2140 426 2225 qui
488 2142 592 2207 vel
655 2142 866 2207 adhue
943 2141 1232 2207 nondum
1297 2143 1572 2207 excitati
1636 2146 1818 2225 sunt,
1892 2145 1995 2209 vel
2049 2145 2147 2210 ita
2202 2120 2519 2232 corrupti,
2576 2153 2655 2214 ut

311 2249 576 2315 omnino
615 2248 988 2317 coniectura
1025 2252 1286 2314 tantum
1325 2249 1653 2314 emendari
1697 2252 1975 2333 possint,
2025 2274 2171 2317 cum
2219 2276 2351 2321 non
2397 2278 2655 2321 sumen·
2646 2318 2670 2337 ,

309 2354 464 2420 dum
512 2356 718 2421 sit'1is
762 2355 942 2438 loeis,
993 2378 1157 2440 quos
1205 2357 1546 2421 emendare
1592 2358 1723 2421 iam
1769 2357 1894 2422 viri
1939 2358 2131 2425 docti¹
2166 2360 2456 2445 priorum
2512 2384 2653 2429 sae-

308 2461 600 2527 culorum
638 2463 858 2529 eonati
903 2467 1076 2545 sunt,
1134 2464 1247 2546 qui
1301 2463 1555 2529 codices
1612 2486 1743 2529 non
1797 2464 2003 2529 malos
2058 2470 2211 2532 ante
2268 2468 2489 2535 oculos
2537 2470 2654 2535 ha-

307 2566 576 2652 bebant,
603 2570 766 2635 satis
790 2571 1112 2654 integram
1135 2570 1484 2636 lectionem
1509 2592 1591 2635 ex
1614 2571 1801 2636 novis
1818 2572 2168 2639 -eotlicibus
2202 2574 2512 2641 haustum
2547 2577 2648 2642 iri.
2754 2638 2761 2643 ,

1113 2748 1253 2822 Lib.
1290 2748 1321 2813 I
1365 2770 1426 2815 v,
1467 2749 1841 2816 648—661.

484 2853 863 2939 Saguntini,
928 2854 1266 2923 obsidione
1330 2855 1716 2923 Hannibalis
1789 2856 1859 2921 in
1920 2856 2315 2925 miserrimas
2386 2861 2652 2928 adducti

307 2961 648 3047 angustias
670 3014 686 3045 ‚
751 2962 1026 3029 Romam
1087 2962 1342 3047 legatos
1415 2963 1720 3047 mittunt,
1803 2983 1969 3048 quos
2044 2964 2241 3033 Silius
2315 2967 2679 3050 praeclaro-
2796 3020 2808 3034 „

306 3068 773 3155 splendidoque
819 3072 1058 3137 ornatu
1101 3070 1360 3153 poetico
1406 3092 1539 3135 non
1593 3074 1733 3135 tam
1773 3070 2227 3160 xcondicionem
2281 3075 2536 3158 patriae
2581 3076 2645 3141 in
2760 3144 2765 3147 ,

303 3176 430 3243 fide
467 3176 909 3244 Romanorum
944 3177 1421 3263 perseverantis
1448 3176 1861 3261 deplorantes
1885 3178 2046 3244 facit
2067 3200 2263 3264 quam
2287 3186 2647 3265 monentes,

303 3286 382 3349 ut
437 3287 715 3351 caveant
769 3284 1048 3375 Romani
1105 3284 1190 3351 ab
1243 3284 1374 3350 isto
1430 3285 1681 3368 iuvene,
1749 3286 1863 3370 qui
1916 3286 2169 3351 maiora
2212 3286 2383 3353 bella
2429 3290 2646 3355 animo

303 3390 432 3457 sibi
496 3392 913 3477 proposuerit
975 3412 1172 3476 quam
1233 3390 1478 3458 bellum
1544 3395 1777 3460 eontra
1839 3413 2040 3466 unum
2062 3486 2067 3491 .
2093 3394 2488 3479 Saguntum:
2545 3398 2648 3462 Ita

303 3496 532 3565 Silius:

301 3628 363 3673 v,
405 3607 556 3673 648.
647 3608 750 3673 An
794 3607 968 3673 tanti
1012 3606 1294 3692 pretium
1339 3610 1560 3673 motus
1606 3607 1913 3691 ruptique
1958 3630 2072 3694 per
2120 3630 2305 3677 enses

639 3714 943 3781 Foederis
988 3713 1114 3780 hoe
1157 3714 1379 3780 iuveni
1422 3714 1641 3780 iurata
1686 3714 1757 3782 in
1800 3714 1971 3780 bella
2015 3717 2231 3782 ruenti

300 3841 363 3886 v,
406 3820 555 3888 650.
651 3820 950 3904 Creditis,
997 3824 1075 3887 ut
1117 3823 1375 3911 statuat
1419 3824 1767 3905 superatae
1812 3822 1959 3887 iura
2002 3822 2345 3910 Sagunto?

639 3914 836 3995 Ocius
883 3928 995 4011 ite,
1042 3928 1185 4011 viri,
1235 3932 1302 3995 et
1344 3931 1725 3995 nascentem
1772 3930 2171 4013 exstinguite
2216 3930 2564 4014 flammam,

637 4034 736 4101 Ne
782 4056 964 4101 serae
1011 4035 1282 4101 redeant
1325 4040 1479 4121 post
1527 4040 1723 4102 aucta
1769 4024 2056 4121 pericula
2102 4058 2311 4103 curae.

640 4142 1048 4228 Quamquam
1095 4164 1133 4209 o
1172 4143 1230 4209 si
1273 4143 1488 4211 nullus
1525 4147 1759 4227 terror,
1805 4164 1966 4223 non?
1986 4143 2225 4210 obruta
2261 4144 2391 4209 iam
2429 4126 2615 4211 nunc*

637 4250 899 4319 Semina
944 4236 1269 4318 fumarent
1306 4250 1488 4319 belli:
1536 4254 1875 4323 vestraene
1921 4251 2218 4346 Sagunto
