3134 4767
1439 143 1875 211 ..220-

481 382 540 424 v.
591 358 722 425 290
770 380 898 440 sq.·
932 356 1042 425 Sic
1087 357 1322 440 Venus,
1373 360 1440 423 et
1485 357 1725 425 tumidi
1770 357 2119 425 considunt
2162 356 2421 442 gurgite
2464 356 2700 422 fluctus

611 520 631 558 x
936 462 1276 553 Obviaque
1323 465 1617 532 adversis
1664 466 2038 551 propellunt
2084 465 2347 549 agmina
2391 462 2645 531 castris,

658 571 760 635 Ex
817 572 1181 653 sententiis,
1245 594 1409 656 quae
1479 573 1558 637 de
1622 572 1748 639 hoc
1810 572 1955 638 loco
2021 572 2106 637 ab
2170 569 2635 657 interpretibus
2692 567 2841 637 Silii

481 678 776 762 prolatae
824 681 1006 761 sunt,
1066 700 1210 743 eam
1256 678 1605 761 asciscam,
1664 700 1829 763 quae
1874 679 2173 746 lacunam
2220 678 2487 761 statuit,
2544 675 2659 741 sed
2705 696 2837 740 non

481 786 846 870 longiorem
892 807 1196 850 versuum
1244 786 1475 853 seriem
1525 786 1833 853 amissam
1882 808 2020 853 esse
2065 788 2255 870 puto,
2312 785 2430 852 sed
2486 805 2689 850 unum
2734 780 2840 847 vel

486 891 648 957 duos
696 914 942 975 versus,
991 892 1059 957 in
1107 893 1342 976 quibus
1390 894 1605 959 inerat
1650 894 2017 960 subiectum
2061 892 2249 959 valde
2295 914 2466 959 nunc
2514 890 2841 958 desidera-

483 1003 622 1065 tum
665 1000 1010 1080 enuntiati,
1065 1000 1245 1082 quod
1281 1022 1474 1085 versu
1512 1002 1640 1067 291
1683 1000 2269 1086 comprehenditur.
2342 1000 2573 1084 Itaque
2612 1018 2843 1082 quam-

484 1127 680 1190 quam
742 1105 1192 1191 „lacunulam“
1255 1108 1490 1188 statui,
1561 1111 1783 1175 tamen
1840 1109 2160 1176 assentior
2205 1107 2362 1173 viris
2420 1106 2631 1173 doctis
2648 1156 2663 1186 ,
2728 1104 2843 1187 qui

483 1216 754 1279 censent
807 1216 1070 1297 poetam
1136 1214 1262 1280 hoc
1317 1214 1461 1281 loco
1527 1215 1876 1299 „grandem
1932 1215 2173 1281 saltum
2227 1214 2521 1294 fecisse“,
2578 1210 2843 1295 qualem

484 1322 630 1385 toto
681 1321 966 1385 carmine
1011 1320 1124 1385 vix
1170 1320 1447 1387 similem
1492 1322 1945 1387 inveniremus,
2028 1322 2165 1388 Nec
2213 1322 2395 1387 deest
2440 1340 2659 1399 causa,
2708 1337 2845 1401 qua

483 1426 712 1493 Silium
761 1427 858 1491 ita
905 1427 988 1492 ad
1034 1427 1232 1492 finem
1277 1426 1690 1495 festinavisse
1736 1427 2057 1513 putemus
2141 1429 2236 1495 Ad
2279 1428 2530 1493 lucrum
2574 1444 2844 1491 revoca-

483 1534 729 1613 bimus,
801 1536 878 1598 ut
943 1535 1231 1617 saepiUS,
1297 1534 1492 1600 Plinii
1557 1536 1903 1619 epistulam
1951 1539 1987 1603 7
2036 1535 2185 1601 libri
2228 1536 2343 1617 III,
2412 1534 2593 1599 cuius
2649 1532 2841 1596 initio

485 1640 650 1705 haec
695 1642 992 1705 exstant:
1067 1641 1301 1724 „modo
1348 1641 1693 1707 nuntiatus
1738 1644 1841 1707 est
1877 1641 2075 1708 Silius
2111 1641 2377 1733 Italicus
2424 1641 2491 1704 in
2536 1636 2847 1722 Neapoli-

485 1750 646 1812 tano
685 1769 803 1813 suo
851 1746 1068 1813 inedio
1113 1747 1403 1813 finivisse
1448 1749 1677 1813 vitam.
1754 1748 1967 1814 Causa
2011 1750 2243 1813 mortis
2281 1744 2609 1812 valetudo.
2684 1745 2848 1809 Erat

487 1852 581 1936 illi
626 1856 824 1919 natus
860 1853 1246 1920 insanabilis
1294 1853 1534 1936 clavus,
1585 1855 1769 1919 cuius
1806 1855 2024 1920 taedio
2053 1848 2157 1919 'ad
2192 1857 2471 1919 mortem
2517 1850 2891 1919 irrevoca-'

485 1958 602 2025 bili
650 1960 1027 2025 constantia
1074 1960 1443 2037 decucurrit
1501 1965 1570 2027 et
1618 1984 1679 2045 q.
1731 1964 1822 2027 s.‘-‘
1918 1960 2304 2026 Valetudine
2359 1960 2562 2043 igitur
2609 1956 2846 2024 Silium

485 2067 872 2152 impeditum
927 2090 1068 2133 esse
1126 2072 1414 2155 apparet,
1475 2070 1821 2151 quominus
1887 2068 2155 2134 ultimos
2220 2066 2422 2133 libros
2491 2086 2701 2149 aeque
2768 2084 2850 2127 ac

482 2173 731 2257 priores
795 2174 1166 2258 perpoliret.
1277 2166 1510 2258 Itaque
1574 2197 1709 2241 non
1772 2178 1873 2241 est
1954 2175 2130 2258 quod
2206 2174 2605 2254 dubitemne,
2685 2171 2849 2254 quin

484 2280 631 2345 libri
679 2281 812 2361 xv,
860 2264 1024 2361 XVI,
1072 2279 1244 2346 xv11
1298 2281 1510 2346 tribus
1565 2281 1699 2347 fere
1758 2282 1944 2346 annis
1991 2282 2033 2346 i.
2086 2304 2139 2346 e.
2190 2280 2338 2345 inde
2393 2280 2478 2345 ab
2534 2277 2853 2344 extremis

484 2386 829 2453 mensibus
887 2388 1042 2451 anni
1096 2390 1178 2453 97
1236 2408 1442 2473 usque
1509 2388 1594 2453 ad
1646 2388 1907 2454 initium
1962 2389 2117 2453 anni
2175 2389 2319 2454 100
2364 2409 2423 2471 p.
2483 2385 2634 2453 Chr.
2693 2376 2856 2450 con-

486 2494 642 2559 fecti
699 2494 852 2558 sint.
954 2493 1277 2572 Quoniam
1333 2516 1415 2558 ex
1471 2495 1697 2578 paucis
1754 2494 2009 2561 indiciis
2065 2493 2597 2576 testimoniisque
2653 2490 2859 2556 colle-

484 2601 696 2684 gimus
748 2599 950 2666 libros
999 2600 1148 2665 inde
1205 2623 1244 2665 a
1298 2601 1389 2665 XI
1444 2602 1621 2665 intra
1674 2605 1925 2685 septem
1982 2602 2115 2666 fere
2174 2623 2384 2666 annos
2442 2599 2856 2682 conscriptos

485 2701 839 2789 esse,‘inde
879 2707 963 2771 ab
1003 2729 1173 2773 anno
1213 2709 1299 2775 93
1340 2729 1546 2792 usque
1586 2708 1667 2773 ad
1712 2708 1975 2774 initium
2021 2696 2301 2773 fortasse
2346 2708 2500 2772 anni
2551 2707 2701 2786 100,
2750 2726 2860 2769 re-

483 2816 622 2879 stat
690 2817 768 2879 ut
834 2835 1254 2898 quaeramus,
1338 2837 1468 2898 quo
1507 2847 1511 2852 ·
1544 2818 1839 2899 tempore
1913 2815 2067 2880 libri
2130 2815 2354 2880 decem
2420 2814 2673 2898 priores
2738 2833 2859 2875 ex-

484 2921 801 2986 stiterint.

661 3026 798 3092 Hos
863 3026 1067 3093 libros
1132 3049 1264 3092 non
1333 3027 1635 3111 deinceps
1710 3050 1849 3094 esse
1916 3030 2215 3094 conditos
2289 3027 2452 3092 mihi
2523 3026 2863 3112 persuasit

482 3134 664 3199 locus
711 3133 820 3199 ille
867 3132 1018 3199 libri
1063 3134 1170 3215 III,
1221 3134 1335 3217 qui
1380 3130 1826 3200 laudationem
1872 3136 2231 3201 Domitiani
2262 3134 2590 3225 continet.
2688 3132 2863 3200 Cum

485 3240 650 3305 satis
697 3240 1282 3331 demonstraverim
1326 3240 1472 3305 illos
1511 3263 1736 3306 versus
1781 3262 1910 3305 non
1959 3246 2113 3307 ante
2150 3244 2513 3306 autumnun
2562 3241 2723 3313 anni
2769 3241 2861 3305 92

483 3347 764 3429 scriptos
840 3368 1012 3428 esse,
1089 3348 1194 3411 cui
1269 3346 1334 3411 in
1409 3350 1697 3412 mentem
1762 3348 2013 3429 veniat,
2081 3348 2207 3413 hoc
2271 3349 2413 3431 ipso
2478 3366 2653 3412 anno
2721 3348 2864 3410 tres

487 3453 692 3518 libros
747 3452 944 3518 modo
1012 3452 1346 3519 confectos
1410 3435 1658 3519 fuiss'e‘?
1748 3453 1878 3520 Sed
1933 3454 2036 3519 fac
2091 3456 2351 3537 poetam
2407 3456 2669 3518 tantum
2733 3452 2867 3517 otii

485 3564 641 3625 ante
719 3580 964 3624 annum
1025 3554 1115 3625 92
1182 3582 1242 3643 p.
1303 3559 1448 3625 Chr.
1507 3560 1576 3624 in
1634 3548 2125 3627 ⁸conscribendis
2191 3559 2401 3626 tribus
2454 3558 2642 3625 libris
2702 3574 2867 3624 con·-

483 3667 868 3751 sumpsisse,
946 3687 1103 3731 num
1165 3666 1510 3732 verisimile
1582 3669 1685 3732 est
1753 3689 1899 3732 eum
1963 3669 2215 3731 ceteros
2279 3664 2515 3747 libros,
2592 3666 2709 3747 qui
2778 3688 2868 3731 ex

488 3774 719 3853 10159
766 3771 1066 3841 versibus
1115 3775 1455 3853 constant,
1515 3774 1693 3837 intra
1749 3778 1898 3839 octo
1936 3772 2077 3837 ‘fere
2126 3794 2330 3838 annos
2380 3772 2744 3839 confecisse
2795 3776 2871 3837 et

483 3879 956 3965 perpolivisse‘?
1030 3878 1352 3963 Equidem
1390 3880 1687 3962 suspicor
1732 3879 1982 3959 Silium,
2033 3880 2145 3969 qui
2182 3879 2472 3945 carmina
2522 3879 2873 3945 scribebat

489 3986 772 4071 „ma-iore
831 4007 988 4051 cura
1051 4007 1247 4069 quam
1305 3986 1610 4068 ingenio“
1673 3985 1863 4049 initio
1930 4005 2131 4049 unum
2195 3985 2432 4050 librum
2498 4008 2633 4051 non
2704 4008 2872 4051 con-

443 4130 448 4135 -
483 4089 734 4175 fecisse,
775 4094 1157 4178 priusquam
1196 4092 1474 4157 alterum
1517 4092 1851 4175 inciperet,
1893 4091 2006 4157 sed
2044 4090 2499 4156 nonnullorum
2536 4092 2873 4158 librorum

486 4199 968 4265 delineamenta
1014 4202 1280 4264 tantum
1329 4199 1776 4279 adumbrasse,
1818 4197 2047 4265 deinde
2093 4198 2330 4263 iterum
2378 4188 2577 4283 atque
2618 4199 2877 4268 iterum
