3134 4767
1733 4 1748 27 ἱ

1419 75 1801 147 mg...-

431 297 762 379 miraeque
823 294 1176 378 sagacitati
1230 294 1510 359 multum
1576 294 1779 361 debeo
1798 346 1814 375 ‚
1882 293 2045 360 satis
2099 293 2457 360 luculenter
2515 295 2778 361 demon-

431 404 668 468 stravit
715 402 952 467 librum
999 402 1346 485 septimum
1393 423 1432 465 a
1469 402 1769 467 Martiale
1817 401 2157 467 Decembri
2203 403 2357 467 anni
2396 404 2480 468 92
2529 404 2777 469 editum
2835 467 2844 481 ,

433 532 600 589 esse,
671 514 965 575 nostrum
1022 508 1422 592 epigramma
1487 512 1641 573 ante
1699 508 2120 575 Decembrem
2175 508 2347 574 illius
2405 509 2559 576 anni
2604 502 2779 575 com·-

431 616 718 700 positum
783 616 981 681 fuisse
1045 636 1308 680 necesse
1375 618 1493 681 est.
1541 660 1560 669 -
1608 617 1841 699 Itaque
1906 638 2053 681 cum
2116 612 2313 700 supra
2365 638 2587 683 versus
2648 619 2776 685 616
2878 642 2897 656 *

433 726 501 788 et
548 725 675 789 617
725 723 877 787 libri
923 723 1106 788 tertii
1152 723 1454 787 carminis
1510 722 1743 788 Siliani
1796 744 1928 787 non
1984 726 2137 788 ante
2184 726 2569 789 autumnum
2626 726 2777 789 anni

435 832 520 895 92
566 853 629 915 p.
679 830 828 895 Chr‘.
869 830 1149 913 scriptos
1207 851 1346 895 esse
1394 830 1773 909 coniciendo
1823 832 2275 911 statuerimus,
2338 832 2631 916 sequitur
2677 832 2780 897 vel

434 940 688 1022 partem
754 927 964 1021 operis
1011 935 1242 1003 Siliani
1297 936 1399 1001 vel
1445 940 1663 1002 totum
1712 958 1969 1002 carmen
2025 937 2197 1002 inter
2264 940 2647 1003 autumnum
2714 942 2781 1004 et

433 1044 694 1109 initium
738 1044 972 1109 hiemis
1017 1044 1060 1107 i.
1101 1064 1155 1108 e.
1197 1046 1313 1108 aut
1358 1044 1583 1109 Mense
1620 1042 1891 1110 Octobri
1938 1048 2054 1114 aut
2098 1044 2453 1111 Novembri
2499 1046 2652 1110 anni
2694 1048 2779 1112 92

434 1152 504 1215 in
566 1151 895 1235 publicum
959 1151 1276 1234 prodiisse
1344 1154 1411 1215 et
1476 1150 1846 1217 Martialem
1911 1152 2105 1235 paulo
2168 1154 2322 1235 post
2386 1151 2617 1219 Silium
2678 1153 2780 1218 his

385 1290 389 1295 ·
435 1259 730 1325 versibus
795 1258 1170 1324 honorificis
1234 1262 1652 1343 prosecutum
1717 1279 1875 1349 esse.
1930 1324 1934 1327 ,
1992 1260 2131 1337 Qua
2186 1259 2255 1325 in
2319 1260 2644 1324 sententia
2706 1264 2782 1325 ut

435 1387 916 1451 perseverarem
953 1364 1248 1448 inprimis
1285 1387 1388 1430 me
1429 1367 1784 1431 commovit
1822 1366 1995 1430 color
2034 1366 2243 1431 totius
2276 1366 2779 1449 epigrammatiS,

439 1472 552 1557 qui
614 1472 778 1537 mihi
839 1472 894 1537 is
960 1473 1220 1537 videtur
1285 1494 1456 1553 esse,
1531 1475 1607 1538 ut
1672 1471 1992 1538 Martialis
2068 1495 2202 1539 non
2278 1474 2490 1539 solum
2552 1474 2813 1539 Silium*

439 1580 680 1645 eximia
725 1573 916 1645 laude
964 1578 1320 1661 celebrare,
1369 1580 1484 1645 sed
1531 1580 1787 1667 etiam„
1820 1601 1987 1664 quae
2034 1580 2117 1645 ad
2163 1588 2508 1664 personant
2550 1584 2785 1664 poetae

438 1687 875 1773 pertinebant,
926 1708 1056 1770 qua
1075 1690 1280 1782 'esset
1326 1686 1668 1769 dignitate,
1731 1687 2177 1771 amplitudine,
2236 1686 2652 1769 auctoritate,
2711 1692 2785 1753 ut

438 1794 537 1860 ita
583 1796 836 1859 animos
884 1793 1254 1878 aequalium
1301 1815 1568 1859 suorum
1616 1795 1700 1859 ad
1736 1794 1880 1861 Silii
1926 1816 2185 1859 carmen
2222 1797 2507 1859 verteret
2546 1816 2785 1879 eosque

440 1902 631 1987 quasi
673 1903 1203 1985 praeoccuparet,
1251 1904 1617 1966 monstrare
1663 1900 1963 1967 voluerit.
2059 1902 2199 1980 Quo
2247 1905 2568 1985 spectant,
2619 1898 2791 1985 quae

441 2009 520 2075 de
565 2008 892 2094 prioribus
939 2008 1173 2074 studiis
1220 2011 1288 2073 et
1335 2008 1877 2093 occupationibus
1924 2008 2069 2075 Silii
2114 2009 2379 2091 eiusque
2428 2008 2785 2073 honoribus

429 2100 620 2197 -dicit,
671 2137 817 2179 eum
863 2114 1240 2197 Ciceronem
1288 2115 1522 2179 ceteris
1572 2115 1943 2180 oratoribus
1992 2115 2292 2213 omnibus
2337 2114 2786 2197 anteposuisse

441 2214 782 2307 ipsumque
819 2243 1144 2287 summum
1182 2224 1509 2288 oratorem
1547 2222 1852 2302 evasisse,
1893 2222 2224 2288 multum
2208 2243 2274 2284 111
2308 2219 2469 2301 for0,
2510 2220 2788 2284 multum

441 2331 511 2395 in
556 2330 1012 2417 centumvirali
1047 2330 1287 2395 iudicio
1327 2351 1473 2393 cum
1515 2328 1723 2411 gloria
1760 2332 2092 2393 versatum
2140 2350 2297 2409 esse,
2348 2328 2433 2392 ad
2470 2331 2788 2391 summam
2863 2342 2869 2348 ·

443 2436 836 2522 reipublicae
869 2437 1257 2520 dignitatem
1283 2436 1675 2521 pervenisse,
1712 2436 2090 2521 priusquam
2118 2436 2185 2499 in
2203 2400 2468 2519 Vergilii
2494 2434 2787 2518 vestigiis

444 2544 799 2609 insisteret.
895 2545 1074 2623 Quae
1123 2544 1294 2627 apud
1339 2543 1709 2609 Martialem
1756 2543 1854 2609 ita
1898 2542 2343 2608 inveniuntur:

445 2674 505 2717 v.
546 2652 606 2718 5.
699 2651 902 2718 Sacra
949 2650 1327 2717 cothurnati
1370 2672 1502 2717 non
1549 2650 1778 2733 attigit
1826 2653 1978 2714 ante
2024 2648 2311 2714 Maronis

809 2758 1108 2843 Implevit
1153 2759 1374 2841 magni
1421 2779 1615 2841 quam
1665 2757 1991 2823 Ciceronis
2039 2778 2221 2842 opus·

703 2864 894 2931 Hunc
939 2866 1214 2930 miratur
1263 2865 1475 2949 adhuc
1521 2867 1782 2930 centum
1830 2856 2044 2947 'gravis
2088 2864 2286 2928 hasta
2330 2862 2617 2928 virorum

811 2972 1000 3039 Hunc
1047 2972 1338 3057 loquitur
1383 2976 1575 3055 grato
1623 2971 1937 3056 plurimus
1986 2991 2096 3037 ore
2142 2970 2361 3035 clienS.

532 3146 539 3154 ,
707 3081 1070 3164 Postquam
1115 3079 1234 3145 bis
1263 3080 1436 3146 senis
1474 3080 1806 3163 ingentem
1851 3072 2138 3143 fascibus
2187 3098 2449 3141 annumx

810 3188 1118 3272 Rexerat,
1168 3190 1419 3253 asserto
1469 3186 1583 3269 qui
1628 3207 1811 3249 sacer
1858 3185 2013 3251 orbe
2061 3184 2206 3265 fuit,

705 3287 1031 3361 Emeritos
1075 3293 1278 3359 Musis
1325 3296 1394 3359 et
1437 3292 1707 3359 Phoebo
1754 3268 2030 3357 tradidit
2077 3310 2281 3373 annos

813 3400 1071 3485 Proque
1119 3422 1236 3466 suo
1285 3399 1570 3467 celebrat
1618 3422 1787 3465 nunc
1833 3399 2146 3464 Helicona
2191 3396 2355 3483 foro.
2401 3446 2454 3473 ‚,

628 3509 718 3575 At
764 3509 1074 3593 quoniam
1121 3510 1320 3594 epigr.
1363 3510 1446 3574 63
1493 3507 1647 3572 libri
1691 3507 1803 3572 VH
1849 3507 1932 3570 ad
1991 3504 2244 3588 aliquot
2298 3504 2500 3569 libros
2549 3526 2588 3567 a
2634 3498 2795 3567 Silio

359 3677 366 3681 .
454 3615 665 3683 editos
751 3616 1072 3701 pertinere
1147 3616 1542 3694 censuimus,
1620 3614 1777 3697 quid
1848 3616 2213 3678 statuemus
2290 3612 2368 3675 de
2443 3611 2638 3694 epigr.
2712 3608 2797 3671 14

451 3724 604 3790 libri
684 3724 810 3789 IV?
939 3725 1079 3802 Quo
1141 3744 1324 3808 opus
1406 3721 1726 3788 Silianum
1810 3722 1875 3784 et
1957 3720 2169 3803 ipsum
2249 3717 2529 3783 describi
2610 3713 2798 3779 facile

457 3832 818 3915 suspicetur
866 3830 1100 3915 aliquis
1146 3829 1409 3894 initium
1466 3828 1769 3895 carminis
1815 3825 2179 3919 perlegenS,
2238 3825 2307 3891 in
2354 3846 2483 3909 quo
2532 3826 2817 3914 exstant·

455 3954 708 4005 versus:
1868 3998 1873 4003 ,

861 4052 867 4057 ·
969 4026 1109 4106 Sili,
1161 4023 1561 4091 Castalidum
1610 4024 1805 4089 decus
1852 4021 2168 4104 sororum,

973 4133 1098 4213 Qui
1144 4132 1428 4219 periuria
1470 4130 1754 4197 'barbari‘
1785 4130 2022 4197 furoris
