3134 4767
1347 99 1816 161 ,-6-

450 332 492 377 a
548 311 833 391 Chattis,
901 310 1268 395 triumphus
1334 309 1587 376 summo
1652 330 1802 374 cum
1856 308 2195 393 splendore
2260 313 2326 375 et
2380 311 2794 414 magnificen-

325 448 342 455 ·’
449 418 704 484 tissima
762 439 904 481 cum
971 438 1210 501 pompa
1263 416 1629 481 celebratus
1694 437 2182 500 cognomenque
2227 416 2651 483 Germanicus
2708 418 2791 482 ab

397 523 403 532 '‘
451 542 526 589 eo
575 528 937 607 sumptum,
991 526 1110 589 est.
1182 596 1197 618 ,ἱ
1226 524 1428 588 Versu
1492 524 1623 590 608
1710 524 1997 590 animum
2083 524 2369 589 advertit
2448 528 2646 609 poeta
2709 526 2801 605 ad,

448 630 688 695 bellum
735 650 896 713 cunr
919 630 1094 696 Julio
1132 630 1328 695 Civili
1375 630 1560 713 annis
1609 631 1870 697 69--71
1912 634 2189 714 gestum,
2236 630 2343 696 cui
2379 631 2793 698 Domitianus

433 737 750 811 ,Muciano
797 738 960 802 duce
1007 736 1412 803 interfuerat.
1510 736 1721 817 Quod
1752 758 1923 803 anno
1981 738 2461 822 septuagesimo
2500 736 2789 820 'iuveniS,

449 842 775 927 Capitolio
824 864 864 907 a
908 843 1269 908 Vitellianis
1325 844 1687 909 victoribus
1742 844 2026 925 incenSO,
2084 845 2151 908 in
2208 844 2561 934 periculum
2618 844 2793 910 vitae
2890 848 2922 883 ’-

449 952 724 1014 vocatus
771 953 890 1031 est,
951 950 1033 1013 ad
1089 950 1156 1013 id
1209 950 1561 1033 pertinent
1600 972 1823 1016 versus
1880 952 2009 1017 609
2066 954 2134 1015 et
2190 952 2347 1017 61Ο.·
2450 951 2600 1017 Non
2655 952 2793 1016 sine

345 1138 347 1143 η
450 1056 980 1122 inhonestissima
1056 1055 1431 1121 adulatione
1496 1060 1695 1139 poeta
1760 1079 1861 1123 vv,
1922 1059 2051 1123 612
2119 1061 2188 1121 et
2246 1058 2375 1124 613
2441 1051 2793 1140 exaggerat

449 1184 572 1241 res,
623 1184 784 1245 quas
820 1163 1258 1249 Mommsenus
1275 1163 1324 1251 1)
1369 1156 1675 1247 explicat.
1710 1173 1718 1179 ’
1769 1163 2107 1229 Terentius
2144 1159 2467 1230 Maximus
2507 1164 2821 1247 quidam,

451 1269 832 1351 Vespasiani
903 1269 1306 1353 temporibus
1379 1270 1635 1353 imperii
1710 1270 2029 1349 aemulus,
2110 1271 2223 1355 qui
2299 1271 2666 1337 simulabat.
2726 1292 2795 1335 se

347 1420 351 1423 -
449 1374 774 1439 Neronem
823 1397 981 1456 esse,
1041 1376 1248 1458 primo
1299 1399 1338 1440 a
1383 1377 1649 1441 Parthis
1696 1377 1977 1471 adiutuS,
2036 1380 2366 1463 postremo
2423 1378 2509 1443 ab
2564 1377 2795 1443 iisdem

450 1480 828 1563 imperatori
867 1482 1162 1547 Romano
1203 1503 1279 1549 eo
1317 1484 1611 1566 tempore
1649 1484 1791 1567 ipso
1828 1483 2037 1549 fasces
2075 1485 2347 1565 tenenti,
2394 1485 2792 1565 DomitianO,

449 1586 746 1672 proditus
787 1592 907 1669 est,
957 1588 1070 1671 qui
1114 1608 1195 1652 ne
1243 1593 1542 1674 parasset
1588 1590 1851 1673 quidem
1900 1612 2080 1655 arma
2128 1594 2359 1656 contra
2401 1590 2703 1656 Parthos.

629 1693 964 1779 Triumphi
1008 1695 1316 1776 honoreS,
1366 1696 1480 1779 qui
1523 1700 1787 1781 propter
1842 1697 1986 1761 illas
2042 1697 2351 1762 victorias
2409 1719 2522 1762 seu
2578 1688 2825 1783 repor?

311 1827 326 1833 ·
449 1799 628 1866 tatas
685 1822 802 1865 seu
854 1822 987 1865 non
1041 1806 1413 1885 reportatas
1469 1803 1849 1886 imperatori
1904 1803 2335 1885 contigerunt,
2406 1826 2510 1869 W.
2552 1805 2683 1870 614
2730 1807 2795 1868 et

455 1890 601 1973 615
651 1902 1124 1990 significantur.
1241 1902 1490 1975 Deinde
1554 1909 1905 1977 Sarmatici
1968 1909 2119 1975 belli
2176 1910 2573 1975 mentionem
2637 1891 2797 1975 facit

452 2013 650 2080 Silius
696 2015 990 2080 versibus
1037 2014 1168 2080 his:
2280 2086 2284 2088 ,
2494 2105 2496 2107 q

667 2121 883 2202 „Idem
932 2121 1382 2218 indignantem
1427 2122 1879 2214 transmittere
1926 2106 2493 2206 Dardanasigna

534 2263 540 2266 ·
667 2228 1090 2309 „Sarmaticis
1136 2228 1348 2293 victor
1394 2232 1764 2312 compescet
1808 2229 2071 2294 sedibus
2116 2230 2421 2295 Istmm.“

631 2334 809 2412 Quae
855 2336 1233 2424 sequuntur,
1282 2357 1415 2400 non
1462 2337 1562 2399 est
1609 2336 1784 2423 quod
1821 2336 2338 2419 interpretemur,
2388 2358 2549 2412 cunr
2572 2358 2684 2421 per
2726 2360 2795 2403 se

453 2440 616 2506 satis
653 2440 992 2529 perspicua
1029 2440 1162 2506 sint
1207 2444 1276 2505 et
1323 2440 1408 2527 ad
1443 2445 1739 2511 nostram
1778 2443 2229 2525 quaestionem
2276 2463 2407 2507 non
2445 2444 2792 2509 attineant.

453 2546 581 2613 Sed
619 2548 743 2630 qui
787 2568 1002 2612 rerum
1048 2547 1570 2614 Domitianarum
1626 2548 1791 2614 satis
1836 2550 2082 2632 peritus
2131 2553 2251 2631 est,
2300 2550 2585 2633 requiret
2625 2552 2795 2636 apud

453 2652 685 2721 Silium
731 2654 1418 2720 commemorationem
1464 2654 1621 2720 belli
1667 2676 1815 2719 cum
1860 2655 2053 2720 Dacis
2100 2656 2291 2738 gesti,
2354 2656 2482 2723 nisi
2526 2656 2695 2721 forte
2738 2658 2796 2721 is

456 2781 602 2824 cum
647 2760 960 2844 Rupertio
1018 2763 1212 2845 putat
1265 2782 1355 2852 ᾗ
1391 2762 1524 2829 614
1556 2758 1899 2845 ‘duplicem
1954 2762 2355 2845 triumphum
2383 2763 2489 2828 nde
2537 2762 2795 2854 Chattis

453 2866 809 2952 Dacisque
845 2867 1048 2948 innui,
1089 2888 1286 2950 quam
1325 2868 1450 2931 viri
1486 2867 1849 2949 doctissimi
1888 2868 2329 2944 coniecturam
2366 2872 2507 2934 tum
2536 2869 2795 2934 t'antum

453 2973 731 3057 probare
795 2995 1088 3056 possum,
1153 2974 1214 3039 si
1261 2966 1660 3063 'sumendum-
1705 2964 1805 3041 es't
1859 2974 2091 3041 Silium
2146 2976 2445 3041 veritatis
2512 2977 2794 3059 quodam

423 3085 676 3145 'amore
731 3080 1084 3145 adductum
1141 3102 1300 3163 esse,
1365 3103 1447 3145 ne
1493 3081 1839 3146 victoriam
1894 3080 2073 3147 illam
2128 3082 2205 3147 de
2261 3082 2474 3163 Dacis,
2542 3103 2710 3167 quae
2758 3105 2797 3146 a

454 3185 830 3262 Domitiano
885 3188 1042 3252 ficta
1096 3189 1266 3269 erat,
1323 3186 1618 3271 pluribus
1672 3188 1889 3254 verbis
1947 3189 2368 3273 praedicaret.
2462 3188 2590 3256 Sed
2636 3210 2797 3274 quo-

455 3292 906 3377 modocunque
961 3316 1064 3359 res
1120 3316 1188 3359 se
1243 3294 1475 3377 habet,
1542 3295 1611 3360 in
1676 3316 1753 3361 eo
1821 3286 2231 3379 acquiescere
2292 3295 2544 3378 malim,
2624 3296 2797 3379 quod

455 3420 559 3464 vv.
600 3401 729 3487 616
778 3403 845 3464 et
887 3402 1014 3465 617
1063 3402 1225 3467 satis
1273 3405 1496 3485 aperte
1545 3392 2015 3485 demonstrant,
2081 3403 2419 3469 Sarmatas
2476 3402 2585 3467 illo
2633 3405 2798 3467 tem-

454 3525 631 3589 pore,
681 3527 810 3589 quo
859 3506 1055 3573 Silius
1101 3507 1270 3573 hanc
1326 3509 1629 3573 carminis
1684 3512 1939 3592 partem
1994 3508 2275 3591 scripsit,
2333 3528 2373 3573 a
2418 3508 2795 3573 Domitiano

459 3611 670 3690 victos
735 3611 955 3678 fuisse.
1071 3613 1210 3694 Quo
1284 3635 1454 3680 anno
1517 3615 1858 3681 Sarmatae
1907 3614 2138 3681 domiti
2176 3618 2432 3696 essent,
2479 3613 2731 3681 Stobbe
2747 3620 2795 3697 2)

456 3711 814 3783 luculenter
863 3719 1104 3802 docuit,
1155 3743 1345 3804 quem
1391 3721 1472 3787 L.
1503 3721 1957 3787 Friedlaender
1973 3720 2023 3807 ³)
2070 3722 2365 3805 sequitur
2410 3722 2513 3793 his
2549 3719 2793 3785 verbis:

460 3824 726 3905 „Dieser
773 3826 1264 3914 (Sarmatische)
1312 3826 1510 3910 Krieg
1565 3828 1654 3892 ist
1706 3826 1915 3909 nicht,
1973 3828 2098 3894 wie
2152 3827 2257 3895 ich
2311 3827 2479 3893 nach
2536 3826 2796 3894 Clinton

640 3984 680 4055 ²)
716 3984 754 4038 1.
791 3984 826 4037 l.
865 4002 992 4055 pag.
1033 3983 1138 4041 396
1176 4002 1256 4053 sq.
1434 4035 1442 4042 .

637 4072 680 4145 2)
715 4072 913 4127 Philol.
952 4075 1062 4127 vol.
1100 4076 1170 4129 26
1207 4073 1387 4145 (1867)
1423 4091 1478 4143 p.
1514 4075 1744 4131 48-51,

637 4161 683 4233 ⁸)
715 4162 754 4218 1.
789 4162 826 4218 1.
865 4180 918 4233 p.
957 4162 1080 4219 432.
