3134 4767
1264 154 1359 233 -”
1431 185 1514 251 21
1601 147 1721 235 -”

302 393 727 481 meditatum,
781 398 899 464 ubi
943 397 1202 467 occasio
1258 401 1493 484 poetae
1539 400 1697 483 apta
1743 398 2118 482 videbatur,
2176 396 2499 484 episodia,
2556 397 2660 464 fa—

305 503 526 588 bulas,
585 505 852 572 deorum
907 506 1420 573 interventiones
1466 508 1534 571 et
1588 505 1952 571 ministeria
2007 494 2263 591 aliaque
2318 507 2503 592 epica
2550 527 2657 571 or-

306 615 618 678 namenta
673 612 1052 679 intexuisse.
1109 678 1112 681 ,
1153 614 1256 677 Ita
1308 613 1449 679 fieri
1502 614 1749 697 potuit,
1816 616 1893 679 ut
1948 614 2169 679 decem
2223 599 2409 681 libris
2465 613 2655 699 longe

307 721 664 785 maximam
705 723 984 806 'partem
1047 719 1130 785 ad
1187 719 1570 792 umbilicum,
1624 710 1924 787 adductis
1978 720 2048 785 in
2102 720 2372 787 tertium
2414 720 2657 787 librum

304 848 594 895 summas
634 826 994 894 Domitiani
1029 827 1254 892 laudes
1299 827 1633 893 insereret.
1694 827 1903 907 Quam
1940 816 2380 893 coniecturam
2418 828 2475 894 si
2512 828 2659 911 quis

209 1011 218 1015 ⁵
302 920 684 1019 probaverit
735 955 988 1000 mecum
1049 935 1440 1016 consentiet,
1509 934 1650 999 erui
1700 956 1835 1000 non
1886 956 2107 1019 posse,
2174 919 2305 1019 quo
2360 938 2655 1020 tempore

301 1041 579 1127 singuli
624 1040 775 1108 libri
821 1041 1070 1108 conditi
1113 1041 1268 1107 sint.
1341 1040 1440 1106 Ne
1484 1040 1638 1107 huic
1698 1041 2143 1127 disquisitioni
2190 1042 2473 1127 quidem,
2520 1064 2652 1127 quo

297 1151 593 1233 tempore
606 1148 806 1216 Silius
829 1142 1091 1215 carmen
1109 1169 1298 1215 suum
1319 1168 1707 1233 componere
1727 1148 2065 1233 inciperet,
2088 1137 2448 1216 adiumenti
2467 1150 2656 1236 quid-

299 1266 498 1337 quam
534 1256 826 1335 inve-nire
864 1256 1073 1341 potui,
1112 1256 1241 1323 nisi
1276 1256 1446 1322 forte
1484 1256 1634 1339 quis
1672 1256 1851 1322 locos
1889 1256 2232 1325 nonnullos
2270 1255 2473 1325 Statii
2506 1264 2653 1323 cum

230 1420 237 1425 .
298 1360 566 1429 Silianis
587 1348 1058 1449 comparandos
1090 1364 1172 1429 ad
1195 1362 1364 1428 hanc
1385 1363 1838 1447 quaestionem
1862 1364 2333 1449 profligandam
2360 1364 2649 1431 adhibet.

473 1468 863 1555 Priusquam
909 1492 1119 1535 meam
1165 1470 1559 1536 sententiam
1606 1470 1949 1555 explicem,
2006 1470 2204 1537 liceat
2260 1472 2421 1537 mihi
2464 1471 2645 1539 locos

296 1576 518 1658 Statii,
567 1578 682 1661 qui
726 1577 872 1646 Silii
915 1577 1297 1643 memoriam
1345 1578 1634 1646 excitare
1680 1582 1974 1662 possunt,
2026 1580 2283 1645 afferre:

297 1702 346 1754 1.
399 1700 568 1757 Silius
615 1703 642 1757 I
689 1702 820 1757 231:
893 1704 966 1757 Et
1021 1702 1170 1757 redit
1222 1701 1416 1756 infelix
1525 1700 1669 1757 Stat.
1700 1704 1829 1758 Silv.
1868 1704 1941 1759 IV
1979 1705 2026 1771 7,
2067 1704 2137 1759 15
2177 1706 2235 1758 et
2270 1705 2339 1759 16
2377 1702 2649 1774 (Diibner)

1631 1792 1882 1847 Pallidus
1937 1793 2119 1847 fossor
2172 1792 2321 1847 redit
2376 1794 2649 1859 erutoque

1633 1880 1926 1937 concolor
1962 1895 2141 1937 auro.
2381 1886 2391 1888 ’

1523 1968 1670 2026 Stat.
1693 1970 1928 2024 Theb.X
1954 1963 2085 2025 323':
2122 2032 2131 2037 ,
2208 1966 2425 2041 expulit
2451 1970 2659 2041 ingensv

1546 2059 1551 2063 ’
1602 2055 1769 2114 *Vina
1824 2076 1992 2113 cruor
2058 2059 2441 2127 fractumque
2499 2057 2649 2128 perit

403 1791 602 1845 effosso
641 1789 936 1847 concolor
974 1804 1150 1847 auro.

293 1966 342 2019 2.
400 1966 498 2021 Sil.
557 1968 584 2022 I
645 1968 774 2023 532:
867 1968 1108 2023 Auditur
1174 1968 1414 2039 gemitus

317 2128 324 2131 ί
401 2056 786 2125 fractumque
805 2056 865 2111 in
886 2058 1100 2113 casside
1119 2069 1412 2113 murmur.

326 2149 337 2157 '
1629 2146 1688 2199 in
1724 2148 1992 2217 sanguine
2028 2160 2325 2203 murmur.

1525 2233 1667 2288 Stat.
1706 2234 1873 2289 Theb.
1910 2237 1989 2290 III
2036 2236 2167 2293 593:
2234 2234 2393 2291 Bella
2448 2234 2646 2289 animis

1629 2323 1778 2379 bella
1832 2342 1928 2379 ore
1974 2325 2247 2379 fremunt:
2306 2320 2360 2379 it
2410 2323 2645 2380 clamor

1629 2412 1707 2467 ad
1744 2425 1955 2471 auras-

1523 2502 1669 2557 Stat.
1697 2502 1867 2557 Theb.
1902 2503 1981 2557 ΙΠ
2016 2502 2148 2557 208:
2203 2501 2501 2571 Exuimus;
2538 2519 2643 2557 nec

1630 2590 1817 2644 adhuc
1864 2586 2093 2646 calcati
2131 2586 2421 2648 foederis,
2442 2591 2639 2668 Argos.

1522 2678 1669 2735 Stat.
1696 2678 1863 2734 Theb.
1885 2679 2010 2735 VIH
2043 2680 2175 2735 419:
2220 2678 2337 2734 Nec
2372 2679 2530 2734 locus
2568 2678 2643 2732 ad

1625 2764 1841 2824 terram
1875 2768 2029 2837 telis,
2056 2768 2116 2823 in
2152 2785 2392 2839 corpora
2427 2769 2640 2823 ferrum

291 2234 342 2287 3.
402 2232 500 2289 Sil.
546 2226 600 2289 II
663 2236 795 2289 417:
889 2234 1168 2291 Callaicae
1231 2235 1414 2289 fecere

399 2338 624 2378 manus:
663 2319 718 2379 it
755 2322 990 2379 clamor
1027 2323 1106 2378 ad
1143 2335 1352 2379 auras.

288 2498 340 2552 4.
399 2498 499 2554 Sil.
538 2500 617 2555 ΙΠ
661 2501 760 2556 85:
832 2500 1048 2557 Emicet
1082 2502 1141 2555 in
1175 2502 1414 2566 Martem

397 2589 457 2643 et
487 2587 731 2645 salento
771 2589 1024 2645 foedere
1062 2588 1257 2645 victor.
1471 2608 1473 2611 ⁴

288 2676 340 2731 5.
393 2674 492 2731 Sil.
529 2678 603 2735 IV
639 2678 768 2733 191:
1077 2679 1239 2733 irrita
1274 2679 1413 2735 nulli

319 2772 325 2776 ’
397 2764 629 2835 Spicula
638 2768 975 2835 torquentur
987 2770 1236 2837 3statque
1248 2786 1412 2824 omne
1458 2780 1460 2783 ’

395 2853 456 2908 in
491 2868 730 2923 corpore
766 2855 992 2921 ferrum.

287 2943 339 2999 6.
381 2939 550 2998 Silius
581 2943 654 2999 VI
689 2943 822 2999 146:
867 2944 1051 2999 Lucus
1081 2944 1264 3000 iners.
1288 2973 1299 3002 .·
1326 2987 1338 3000 .
1362 2986 1408 3003 ..

287 3032 341 3087 7.
381 3030 478 3087 Sil.
512 3032 585 3087 IV
623 3034 728 3088 164
772 3049 881 3100 sq.:
931 3032 1196 3090 Nondum
1241 3034 1411 3091 etiam

393 3124 517 3175 toto
539 3121 826 3177 demersus
845 3138 1082 3191 corpore
1111 3122 1170 3177 in
1190 3139 1411 3180 amnem

336 3260 342 3263 .
394 3210 518 3265 Iam
553 3212 726 3280 caput
763 3209 1034 3267 adversae
1070 3213 1316 3282 ponebat
1352 3212 1411 3266 in

392 3297 648 3368 margine
685 3292 862 3369 ripae.

284 3387 335 3440 8.
378 3384 475 3441 Sil.
501 3386 574 3441 VI
609 3388 738 3442 223:
789 3388 1008 3459 Lingua
1043 3389 1216 3444 micat
1250 3391 1410 3444 motu

395 3477 563 3542 atque
601 3476 894 3533 adsultans
931 3478 1162 3533 aethera
1191 3478 1404 3533 lambit.

283 3565 334 3618 9.
385 3562 482 3619 Sil.
530 3564 629 3619 VH
682 3567 811 3621 344:
884 3568 1056 3622 Ferro
1113 3567 1408 3637 detergent

393 3656 456 3707 et
488 3653 626 3708 dant
661 3655 1024 3710 mucronibus
1059 3656 1188 3710 iras.

285 3743 369 3797 10.
419 3740 516 3798 Sil.
558 3742 684 3798 VHI
728 3743 886 3799 246.
932 3745 1113 3812 Atque
1160 3744 1242 3797 illi
1287 3744 1404 3799 sine

391 3831 516 3886 luce
545 3848 718 3902 genus
743 3832 1086 3903 surdumque
1105 3835 1406 3903 parentum

387 3920 608 3975 Nomen
648 3962 660 3976 .
701 3964 712 3976 .
754 3962 766 3975 .
806 3963 817 3976 .
1397 3958 1400 3963 -

281 4009 368 4063 11.
419 4008 518 4065 Sil.
555 4010 606 4063 X
649 4011 778 4065 239:
852 4010 1124 4079 Imposuit
1172 4011 1402 4081 scopulo

389 4100 560 4167 atque
589 4098 826 4153 undanti
860 4097 1087 4153 vulnere
1120 4100 1400 4155 anhelans

281 4186 367 4243 12.
407 4186 508 4243 Sil.
546 4188 649 4243 XII
691 4188 824 4261 4623
883 4228 894 4241 .
936 4228 948 4242 .
989 4228 1002 4242 .
1043 4228 1054 4242 .
1095 4185 1403 4258 et'rabiem

387 4292 592 4347 prenso
631 4277 925 4333 consumat
957 4276 1018 4331 in
1054 4277 1229 4334 hoste.

1627 2856 1803 2913 Omne
1840 2858 1995 2913 cadit

1521 2944 1665 3001 Stat.
1686 2934 1855 3002 Theb.
1874 2948 1925 3001 X
1948 2946 2043 3002 86:
2082 2946 2265 3001 Lucus
2282 2946 2431 3001 iners
2459 2990 2471 3003 .
2584 2988 2595 3001 .
2625 2988 2635 3000 .

1520 3034 1665 3091 Stat.
1714 3034 1884 3090 Theb.
1923 3036 1968 3091 V
2019 3036 2153 3091 516:
2226 3034 2407 3105 Saepe
2471 3053 2638 3106 super

1624 3124 1823 3179 fluvios
1837 3124 2088 3195 geminae
2101 3124 2249 3180 iacet
2263 3142 2467 3196 aggere
2479 3127 2637 3197 ripae
2674 3184 2681 3190 ..

1626 3212 1935 3268 Continuus
2008 3214 2365 3281 squamisque
2430 3201 2637 3270 incisus

1625 3302 1922 3357 adaestuat
1958 3302 2151 3356 amnis.

1515 3389 1649 3443 ibid.
1677 3408 1726 3444 v.
1754 3391 1886 3447 524:
1932 3392 2295 3458 Incertasque
2341 3390 2427 3445 sui
2472 3390 2634 3465 liqui-

1624 3478 1759 3533 dum
1794 3494 1943 3533 nunc
1978 3479 2211 3535 aethera
2244 3479 2457 3533 lambit.

1516 3567 1661 3623 Stat.
1698 3565 1895 3623 Achill.
1934 3569 1961 3623 I
2004 3570 2135 3624 435:
2197 3568 2413 3622 Attritu
2458 3567 2633 3639 nigris

1622 3657 1839 3713 addunt
1873 3652 2235 3712 mucronibus
2270 3658 2400 3712 iras.

1515 3746 1660 3803 Stat.
1700 3746 1833 3802 Silv.
1861 3747 1906 3802 V
1940 3748 1991 3814 3,
2032 3746 2161 3805 116:
2216 3746 2342 3802 Non
2387 3745 2491 3801 tibi
2527 3746 2631 3801 'de-

1592 3836 1827 3890 .f01·mes
1874 3820 2099 3890 obscuri
2143 3834 2427 3906 sanguinis
2472 3838 2630 3889 ortus

1620 3925 1735 3979 Nec
1770 3924 1889 3978 sine
1924 3923 2051 3978 luce
2086 3940 2277 3994 genus.

1513 4012 1657 4068 Stat.
1696 4012 1864 4067 Theb.
1902 4012 1955 4067 H
2000 4012 2127 4069 124:
2191 4012 2383 4067 Nudat
2428 4015 2485 4067 et
2528 4030 2629 4068 un-
2700 4036 2703 4039 ·

1619 4101 1779 4156 danti
1803 4100 2089 4171 perfundit
2105 4102 2334 4157 vulnere
2354 4117 2625 4157 somnum.
2694 4145 2703 4153 .

1513 4190 1655 4247 Stat.
1684 4192 1852 4245 Theb.
1873 4191 1997 4246 VIII
2032 4190 2189 4245 5782*
2203 4231 2382 4245 .....
2408 4192 2627 4246 tenera-

1616 4295 1723 4347 que
1758 4279 1965 4336 famem
2002 4278 2280 4335 consumit
2314 4279 2374 4334 in
2408 4295 2570 4353 agna.
