3134 4767
1408 168 1522 224 -q
1582 129 1663 195 18
1748 166 1845 199 -.

448 347 544 419 XI
594 348 721 425 duo
781 344 1286 429 epigrammata,
1355 340 2177 427 duodequinquagesimum
2234 343 2303 407 et
2348 362 2643 425 sequenS,
2710 339 2795 405 ad

453 454 682 521 Silium
729 452 978 537 scripta
1021 452 1458 516 inveniuntur.
1554 450 1680 529 Qui
1727 470 1875 515 cum
1918 448 2083 514 liber
2130 447 2472 514 Decembri
2518 447 2670 513 anni
2706 449 2793 514 96
2850 432 2853 437 ’

447 561 515 625 in
533 559 742 625 lucem
755 558 1086 643 prodierit,
1101 544 1186 623 *ut
1204 541 1788 645 Friedlaenderusl)
1803 556 2295 637 demonstravit,
2324 555 2797 640 epigrammata

453 666 580 733 duo
629 668 804 732 intra
851 686 1091 730 annum
1139 666 1223 732 96
1273 664 1639 748 composita
1684 685 1824 729 esse
1869 663 2058 728 facile
2115 666 2215 729 est
2268 661 2622 728 intellectu.
2723 660 2797 727 Si

451 773 596 857 quis
633 773 795 838 haec
833 760 1306 857 epigrammata
1341 771 1592 855 legerit,
1640 770 1943 837 facillime
1959 790 1967 795 ”
1980 770 2294 836 concedet
2330 791 2408 835 ea
2445 770 2529 846 ad
2565 768 2796 837 Silium

449 881 581 945 iam
621 880 879 945 assidue
919 874 1346 944 rusticantem
1383 878 1583 944 missa
1620 899 1779 945 esse.
1855 878 1973 944 His
2012 878 2333 944 concessis
2380 874 2800 943 statuendum

439 990 553 1074 est
617 1007 788 1053 anno
856 988 941 1052 96
998 985 1230 1077 Silium
1295 986 1364 1050 in
1427 985 1717 1053 amoenis
1773 983 2165 1070 Campaniae
2227 984 2603 1069 regionibus
2666 982 2799 1047 iam

452 1094 812 1159 habitasse.

631 1217 956 1297 Quoniam
1001 1236 1176 1299 vero,
1236 1235 1277 1283 a
1330 1214 1499 1282 libro
1543 1216 1691 1283 XIV
1736 1217 1923 1301 quasi
1966 1217 2247 1286 termino
2292 1215 2588 1301 regressi,
2648 1236 2802 1281 con-

452 1327 704 1391 iectura
768 1345 988 1390 eruere
1051 1324 1440 1406 studuimus,
1509 1346 1638 1408 quo
1705 1328 1998 1410 tempore
2051 1323 2205 1390 libri
2258 1324 2368 1405 XI,
2426 1324 2567 1405 XII,
2628 1323 2800 1402 XIII,

454 1431 809 1516 conscripti
848 1434 1084 1513 essent,
1125 1452 1294 1505 nunc
1329 1431 1823 1516 progrediamur
1872 1432 1956 1499 ad
1991 1430 2193 1499 libros
2230 1431 2365 1513 XV,
2402 1432 2567 1512 XVI,
2606 1430 2800 1495 XVII.

455 1538 618 1603 Cum
673 1559 777 1603 me
833 1560 966 1603 non
1023 1523 1299 1621 fugerit'r
1319 1537 1547 1603 Silium
1604 1539 1933 1622 poeticum
1990 1542 2295 1605 ornatum
2351 1542 2419 1603 et
2472 1538 2603 1602 vim
2666 1555 2806 1601 sec*

456 1648 712 1711 tantem
757 1644 965 1711 multa
1010 1644 1147 1710 sive
1201 1666 1513 1729 perquam
1557 1645 1789 1712 leviter
1843 1646 2301 1735 perstrinxisse
2356 1644 2492 1710 sive
2538 1630 2807 1730 prorsus

457 1753 719 1818 silentio
759 1752 1206 1837 praeteriisse,
1269 1774 1434 1835 quae
1488 1774 1699 1836 neque
1753 1756 2059 1819 ornatum
2114 1752 2538 1818 admitterent
2596 1772 2809 1834 neque

456 1858 561 1925 vel
625 1859 710 1924 ad
785 1859 1036 1925 animes
1108 1857 1428 1925 lectorum
1501 1860 1859 1925 movendos
1925 1862 1992 1925 et
2066 1859 2483 1925 delectandos
2546 1857 2650 1923 vel
2722 1856 2809 1921 ad

457 1967 799 2049 utriusque
863 1965 1086 2049 populi
1151 1968 1352 2049 atque
1415 1965 1568 2031 belli
1637 1966 1969 2031 fortunam
2038 1965 2420 2031 mutandam
2490 1963 2810 2049 quidquid

458 2073 772 2139 momenti
835 2072 1172 2154 haberent,
1240 2110 1324 2121 —-
1391 2071 1830 2158 praetermisit
1877 2074 2047 2139 enim
2110 2073 2401 2154 silentiO,
2468 2075 2544 2138 ut
2604 2091 2811 2137 unum

460 2180 744 2261 afferam,
792 2200 896 2244 res
943 2178 1137 2262 paulo
1187 2183 1339 2244 ante
1386 2179 1702 2263 proelium
1746 2179 2082 2245 Cannense
2130 2180 2327 2245 variis
2373 2179 2601 2245 Italiae
2646 2178 2813 2243 locis

459 2289 700 2369 gestas,
768 2306 1042 2369 quarum
1110 2288 1298 2370 quasi
1361 2286 1504 2352 loco
1565 2288 1927 2372 episodium
1972 2286 2131 2352 illud
2185 2288 2452 2370 longum
2510 2286 2588 2351 de
2634 2284 2810 2351 bello

407 2390 412 2395 ’
458 2392 706 2459 Punico
753 2393 961 2476 primo
1005 2392 1174 2459 libro
1225 2394 1304 2458 Vl
1350 2394 1636 2459 intexuit
1682 2432 1787 2476 -,
1835 2398 2057 2459 tamen
2102 2395 2168 2459 in
2218 2393 2385 2459 libro
2432 2394 2547 2458 XV
2596 2396 2663 2458 et
2708 2413 2810 2475 sq.

461 2499 658 2565 Silius
730 2499 938 2565 multo
1013 2501 1272 2584 saepius
1346 2523 1478 2583 res,
1555 2522 1724 2589 quae
1792 2501 1966 2585 apud
2038 2501 2293 2567 Livium
2369 2500 2809 2579 inveniuntur,

365 2674 372 2681 ,
461 2628 726 2671 narrare
775 2606 1014 2675 omisit.
1111 2609 1516 2691 Quamquam
1563 2607 1871 2691 intellego
1918 2608 1986 2673 id
2034 2629 2111 2673 ea
2149 2607 2227 2673 de
2274 2628 2473 2673 causa
2518 2605 2817 2691 inprimis

463 2698 710 2777 factum
757 2734 918 2795 esse,
968 2734 1048 2778 ne
1097 2736 1356 2779 carmen
1411 2715 1478 2779 in
1532 2716 1725 2782 nimis
1782 2715 2065 2799 amplum
2124 2736 2357 2799 corpus
2411 2713 2819 2778 excresceret

464 2841 609 2884 cum
656 2820 877 2884 taedio
924 2820 1533 2903 lectorum,‚tamen
1577 2844 1789 2906 neque
1825 2822 1955 2887 alia
1994 2843 2141 2887 eum
2178 2820 2567 2887 omissurum
2601 2839 2817 2902 neque

464 2925 594 2990 alia
639 2929 777 2992 tam
824 2926 1109 2993 breviter
1156 2931 1600 2993 tractaturum
1646 2929 1843 2996 fuisse
1890 2931 2072 3014 pute,
2130 2927 2257 2995 nisi
2303 2927 2596 2993 celeriter
2652 2945 2818 3010 opus

463 3053 651 3097 suum
707 3032 791 3097 ad
844 3035 1038 3098 finem
1092 3020 1443 3118 perducere
1487 3035 1820 3101 voluisset.
1922 3036 2064 3101 Huc
2120 3037 2422 3119 spectant
2474 3033 2605 3101 loci
2648 3053 2816 3098 non-

463 3138 624 3203 nulli
667 3137 819 3204 libri
864 3140 1006 3205 XV:
1065 3141 1216 3206 inde
1263 3164 1304 3206 a
1349 3164 1540 3208 versu
1588 3144 1719 3209 230
1778 3143 1949 3209 enim
2005 3142 2202 3209 Silius
2258 3144 2485 3206 narrat
2539 3138 2821 3205 Cartha-

466 3245 683 3328 ginem
741 3267 782 3309 a
835 3245 1142 3332 Scipione
1199 3248 1504 3315 Africano
1563 3252 2009 3335 oppugnatam
2052 3252 2194 3315 tam
2235 3247 2465 3332 paucis
2511 3246 2819 3328 omnique

467 3351 683 3429 colore
740 3351 1117 3419 carentibus
1175 3355 1409 3437 verbis,
1475 3360 1553 3425 ut
1609 3356 1798 3421 facile
1863 3355 2182 3439 cogitatio
2247 3354 2534 3419 animum
2596 3351 2820 3418 subire

464 3458 696 3541 possit,
762 3457 994 3525 Silium
1050 3459 1130 3532 de
1187 3462 1510 3528 industria
1568 3463 1829 3547 ingenio
1888 3484 2004 3528 suo
2054 3462 2135 3526 ad
2181 3481 2283 3526 res
2341 3459 2523 3525 vario
2582 3460 2822 3523 ornatu

465 3564 958 3648 distinguendas
1024 3568 1296 3652 proclivi
1359 3570 1767 3637 moderatum
1834 3592 1993 3635 esse.
2107 3569 2286 3646 Quae
2354 3565 2669 3650 cogitatio
2742 3586 2819 3629 eo

465 3671 676 3754 magis
723 3673 1064 3755 probanda
1103 3697 1242 3743 esse
1281 3678 1442 3743 mihi
1479 3678 1757 3760 videtur,
1807 3678 1983 3762 quod
2020 3676 2255 3755 Livius,
2305 3674 2489 3737 cuius
2524 3669 2822 3755 vestigiis

466 3777 696 3844 Silium
745 3801 876 3845 non
921 3780 1132 3848 solum
1177 3783 1247 3849 in
1299 3806 1516 3851 rerum
1561 3788 1891 3868 gestarum
1940 3780 2390 3898 dispositione,
2446 3779 2563 3845 sed
2618 3778 2823 3843 etiam

468 3906 958 3969 nonnumquam
1003 3888 1072 3955 in
1124 3890 1319 3959 rebus
1375 3891 1818 3976 singularibus
1871 3865 2237 3973 ingressum
2296 3907 2437 3953 esse
2491 3885 2757 3953 constat
2771 3886 2823 3970 2)

648 4098 692 4167 ²)
729 4098 764 4152 1·
803 4101 838 4154 l·
876 4118 1003 4175 pag.
1043 4104 1167 4159 436.

649 4184 693 4259 ει)
721 4188 833 4281 cfr.
877 4191 1095 4250 Cosack
1133 4194 1382 4265 Quaestt.
1422 4194 1518 4253 Sil.
1557 4212 1613 4267 p.
1646 4195 1717 4249 23
1754 4196 1812 4249 et
1847 4192 1933 4250 24.
