3134 4767
1287 208 1375 217 -..
1457 169 1715 234 27..-

329 402 391 446 v.
431 381 535 447 61.
571 366 574 371 ’
628 381 806 445 Η330
852 402 1122 464 propere
1169 340 1472 465 spectata
1519 381 1706 447 duci:
1754 403 1906 446 nam
1950 380 2159 446 multa
2204 380 2507 465 fatigant.

633 486 949 552 Curarum
995 488 1204 571 prima
1251 485 1530 577 exercet,
1581 488 1965 558 subducere
1986 486 2158 553 bello

632 574 1017 659 Consortem
1062 594 1338 660 thalami
1383 617 1785 682 parvumque
1832 595 1953 661 sub
2000 594 2197 661 ubere
2245 597 2493 663 natum.

329 722 390 765 v.
431 702 536 767 68.
634 701 824 791 Quos
870 703 954 770 ut
999 703 1254 787 seponi
1301 705 1509 773 stetit
1555 707 1630 773 ct
1677 720 2055 771 secernere
2102 704 2191 770 ab
2229 703 2475 771 ’3111113

243 810 250 815 ”
630 808 906 873 Adfatur
955 809 1186 875 ductor
1233 812 1356 875 etc.
2548 812 2557 817 ’

404 977 410 981 .
505 916 691 979 Η330
735 914 1084 981 lectionem
1131 916 1444 983 exhibent
1490 937 1713 981 omnes
1753 916 2029 999 codices,
2072 937 2295 982 omnes
2335 917 2671 997 3111110333,

329 1043 498 1106 quae
544 1022 705 1087 mihi
749 1026 1012 1107 praesto
1059 1022 1350 1105 fuerunt,
1399 1022 1727 1131 Rupertii,
1774 1024 2081 1104 Ernestii,
2138 1023 2671 1104 Drakenborchii,

327 1128 672 1194 Lefeburii.
793 1130 895 1195 Ex
967 1129 1202 1213 quibus
1267 1130 1392 1196 hae
1455 1133 1591 1197 1133
1658 1130 1886 1195 verba:
1975 1133 2087 1214 „ut
2149 1131 2375 1215 seponi
2440 1132 2668 1196 stetit“

330 1227 764 1301 commatibus
787 1236 1037 1303 inclusa
1067 1236 1406 1321 praebent,
1439 1237 1550 1301 illa
1574 1236 1976 1321 Rupertiana
2000 1238 2123 1301 hac
2147 1238 2673 1322 interpunctione

329 1345 530 1410 caret.
619 1342 738 1407 Illa
784 1345 1112 1463 separatio
1160 1341 1511 1409 verborum
1561 1336 1934 1440 significare
1990 1344 2151 1408 mihi
2197 1345 2453 1409 videtur
2499 1346 2715 1435 viros-

329 1422 560 1515 doctos
616 1450 684 1513 in
740 1436 1182 1516 concinnitate
1239 1450 1434 1515 huius
1494 1450 1819 1517 enuntiati
1876 1450 2221 1529 offendisse
2268 1472 2539 1533 eamque
2588 1450 2673 1517 ob

327 1577 464 1619 rem
529 1555 699 1621 hanc
763 1578 920 1622 sane
983 1558 1216 1622 miram
1287 1556 1787 1641 interpungendi
1863 1557 2036 1621 viam
2112 1558 2439 1639 ingressos
2514 1579 2673 1622 esse.

327 1662 640 1745 Equidem
683 1663 1058 1747 intellegere
1095 1686 1228 1730 non
1264 1686 1548 1748 possum,
1600 1684 1729 1747 quo
1776 1664 1971 1729 modo
2010 1663 2211 1729 verba
2248 1665 2345 1729 ita
2382 1664 2676 1729 seiuncta

327 1769 574 1856 melius,
623 1770 706 1835 ad
769 1768 1233 1854 grammaticas
1307 1770 1566 1853 regulas
1607 1763 2126 1835 ‘accommodata
2192 1793 2333 1835 esse
2398 1770 2672 1854 possint.

327 1876 457 1943 Sed
501 1876 627 1941 hoc
665 1877 865 1942 etiam
911 1879 1120 1961 magis
1165 1878 1399 1942 mirum
1448 1900 1587 1951 3333
1625 1882 1809 1962 put0,
1860 1878 2035 1961 quod
2073 1877 2251 1942 docti
2288 1878 2411 1942 viri
2456 1878 2525 1941 in
2563 1878 2677 1943 ad-

327 1984 782 2049 notationibus
836 1984 1015 2049 nulla
1067 1984 1269 2049 verba
1323 1984 1617 2051 fecerunt
1674 1985 1751 2049 de
1798 1984 2063 2049 insolita
2108 1984 2301 2049 huius
2350 1985 2675 2050 enuntiati

329 2091 834 2172 constructione,
893 2114 1288 2187 quamquam
1345 2091 1424 2156 de
1480 2092 1625 2157 aliis
1669 2091 1871 2190 locis*⁸⁸
1896 2090 2157 2157 levioris
2204 2091 2519 2157 momenti
2566 2110 2675 2157 co-

327 2198 510 2282 piose
565 2220 757 2281 agere
804 2197 1034 2263 solent.
1110 2202 1345 2282 Itaque
1394 2220 1538 2263 cum
1589 2199 1801 2263 adhuc
1846 2198 1915 2262 13
1966 2198 2212 2263 nullum
2250 2199 2464 2298 locum
2504 2198 2679 2282 apud

327 2307 558 2389 poetas
613 2304 852 2371 latinos
909 2305 1246 2370 inciderim
1300 2327 1514 2389 neque
1567 2306 1635 2369 in
1691 2288 1894 2369 ullum
1958 2305 2279 2388 pedestris
2336 2282 2671 2387 013110313,

327 2432 462 2493 quo
508 2411 778 2478 verbum
832 2414 1089 2497 passive
1144 2416 1529 2496 usurpatum
1590 2433 1737 2477 cum
1783 2411 1983 2477 verbo
2032 2412 2402 2493 transitivo,
2457 2415 2534 2477 ut
2578 2412 2677 2477 ita

329 2516 562 2600 dicam,
605 2520 745 2583 arte
794 2519 1215 2585 coniunctum
1249 2520 1356 2600 sit,
1404 2521 1480 2584 ut
1517 2520 1744 2585 nostro
1783 2518 1927 2584 loco
1974 2518 2273 2603 „seponi“
2318 2521 2387 2583 et
2430 2539 2677 2603 „secer-

327 2628 546 2707 nere“,
585 2626 682 2691 ita
719 2630 796 2691 ut
828 2629 1079 2710 ,„quos“
1122 2626 1316 2691 modo
1355 2624 1824 2691 subiectiloco
1861 2626 2057 2691 modo
2108 2625 2349 2691 obiecti
2387 2624 2675 2709 positum

328 2733 690 2816 putandum
765 2732 880 2815 sit,
957 2755 1214 2799 versum
1231 2728 1275 2814 ,⁶
1319 2732 1619 2818 quamvis
1698 2753 1921 2798 omnes
1986 2732 2242 2797 codices
2308 2732 2688 2799 consentire

328 2840 704 2922 videantur,
763 2840 1052 2924 spurium
1101 2862 1268 2905 3333-
1295 2842 1477 2923 111110.
1574 2839 1838 2905 Conicio
1895 2861 2012 2923 pro
2068 2842 2473 2924 „secernere“
2534 2859 2673 2923 „sc-

330 2947 626 3015 ecdere“
671 2969 812 3013 3333
849 2946 1210 3030 legendum,
1251 2946 1427 3030 quod
1465 2947 1789 3031 scriptura
1825 2944 2076 3011 librarii
2112 2968 2339 3030 parum
2370 2948 2677 3011 accurata

330 3051 634 3119 facillime
683 3076 764 3117 ex
809 3053 921 3121 illo
968 3052 1168 3120 verbo
1217 3050 1374 3119 oriri
1420 3054 1714 3137 potuisse
1762 3064 2014 3119 cen'seo.

1201 3178 1342 3244 Lib.
1391 3179 1493 3245 IV.
1542 3200 1604 3243 V.
1654 3179 1805 3245 265.

505 3242 580 3351 ln
625 3285 872 3370 proelio
922 3284 1208 3368 equestri
1261 3286 1345 3349 ad
1397 3284 1693 3350 Ticinum
1739 3282 2085 3351 commisso
2122 3281 2289 3366 Boii,
2340 3283 2675 3351 Gallorum

241 3374 246 3381 ¹
329 3412 516 3477 genS,
579 3414 746 3477 quae
803 3393 887 3459 ab
933 3391 1301 3458 Hannibale
1350 3393 1606 3474 stabat,
1666 3392 1881 3475 Cryxo
1930 3392 2109 3473 duce,
2159 3414 2409 3457 summo
2458 3392 2674 3457 furore

330 3501 572 3585 agitati
616 3522 889 3583 magnas
935 3502 1188 3583 strages
1237 3500 1560 3577 exercitus
1598 3498 1877 3565 Romani
1914 3499 2181 3563 faciunt.
2258 3498 2473 3584 Scipio
2522 3520 2677 3564 con-

329 3608 458 3691 sul,
527 3607 641 3691 qui
694 3608 1111 3672 vehementes
1167 3604 1501 3671 Gallorum
1565 3598 1850 3690 impetus
1907 3604 2259 3671 fortissime
2315 3605 2672 3689 propulsat,

331 3713 524 3781 'Pario
573 3715 877 3797 quodam,
928 3714 1041 3798 qui
1084 3713 1274 3779 iuxta
1321 3734 1468 3778 eum
1515 3712 1859 3797 pugnavit,
1921 3734 1960 3777 a
2006 3712 2217 3795 Cryxo
2266 3711 2427 3776 (11103
2475 3699 2676 3775 111131·-

282 3830 292 3839 ’
329 3820 524 3903 fecto,
572 3818 968 3915 ianryxum
1015 3820 1252 3905 ipsum,
1306 3820 1639 3904 „egregios
1685 3841 1909 3884 manes
1955 3818 2182 3884 ulcisci
2228 3811 2531 3902 parans‘²,
2576 3817 2675 3882 in-

329 3916 565 3993 vadere
613 3931 904 3995 conatur.
999 3927 1244 3992 Deinde
1291 3930 1516 4010 poeta:
2590 3940 2603 3949 “

329 4055 391 4100 v.
431 4036 582 4102 264.
651 4035 814 4101 Tum
860 4034 1202 4099 stimulans
1247 4035 1437 4117 grato
1484 4033 1751 4117 plausae
1800 4031 2065 4098 cervicis
2112 4033 2357 4098 honore

651 4142 1078 4226 Cornipedem
1099 4139 1502 4224 adloquitur:
1523 4140 1835 4228 Vulgum
1853 4140 2299 4224 Martemque
2318 4139 2676 4208 minorem

649 4248 818 4319 Mox
865 4248 1238 4336 Gargano:
1285 4250 1525 4312 vocant
1570 4246 1803 4333 Superi
1848 4246 1932 4311 ad
1976 4246 2246 4313 maiora.
