3134 4767
1 113 4 122 ²
92 111 121 120 ”
533 188 541 195 ν
1235 201 1318 213 -
1402 161 1488 227 25
1570 197 1657 208 --

596 376 783 443 Nunc
831 378 1150 462 geminas
1196 378 1406 465 Alpes
1452 376 2051 462 Apenninumque
2100 375 2384 442 minatur
2472 454 2478 459 ,

599 484 786 551 Nunc
831 484 1000 550 freta
1047 485 1344 552 Sicaniae
1391 486 1457 549 et
1501 484 1781 567 Scyllaei
1825 484 2037 549 litoris
2084 484 2291 551 undas
2338 485 2460 549 etc.

175 684 178 688 ,
280 612 494 679 Verba
541 610 874 695 „geminas
912 610 1146 694 A.lpes“
1193 612 1464 695 exponit
1509 611 1919 694 Dausqueius
1968 611 2196 692 „fissas
2244 611 2329 681 ab
2374 612 2623 678 Hanni-

282 720 450 801 bale,
501 718 689 802 quasi
735 718 896 799 duas
945 739 1026 782 ex
1071 718 1217 783 unis
1262 718 1537 800 factas“,
1588 738 1718 801 qua
1763 718 2302 807 interpretatione
2340 720 2623 805 ineptius

155 835 167 839 “
287 827 642 911 quidquam
696 825 810 889 vix
854 824 1132 889 inveniri
1186 827 1423 909 potest.
1507 824 1639 891 Sed
1690 847 1837 891 meo
1894 825 2328 910 qualicunque
2382 826 2623 895 iudicio

288 937 355 999 et
400 927 524 1018 ipsi
568 933 956 1017 interpretes
994 931 1284 1015 alioquin
1319 932 1728 1013 sagacissimi
1767 930 1845 996 N.
1886 932 2191 997 Heinsius
2231 937 2298 997 et
2336 934 2627 1017 Draken-

287 1040 614 1122 borchiuS,
676 1060 840 1123 quos
885 1038 1236 1123 Rupertius
1293 1041 1555 1104 secutus
1614 1041 1736 1118 est,
1796 1038 1865 1103 in
1910 1038 2145 1103 mirum
2190 1040 2424 1106 vitium
2471 1042 2627 1106 inci·

291 1149 542 1235 derunt.
627 1144 728 1212 Ab
775 1146 1039 1212 Heinsio
1098 1145 1268 1211 enim
1323 1146 1390 1209 in
1448 1145 1733 1211 editione
1788 1145 2412 1213 Drakenborchiana
2466 1148 2629 1213 haec
2687 1136 2694 1139 ⁸

291 1254 607 1320 adnotata
660 1253 1049 1319 invenimus:
1119 1251 1458 1335 „Intelligo
1513 1252 1707 1336 Alpes
1766 1252 1941 1336 ipsas
1989 1258 2083 1327 et,
2109 1254 2425 1336 Pyrenen.
2510 1256 2631 1319 Mi-

292 1384 404 1427 rus
451 1364 552 1426 est
596 1361 968 1445 interpretis
1015 1363 1264 1444 stupor,
1313 1359 1426 1441 qui
1471 1380 1620 1423 cum
1655 1358 1995 1425 Prudentii
2032 1359 2245 1425 locum
2281 1340 2469 1427 unice
2505 1363 2631 1429 huc

295 1467 639 1533 facientem
687 1468 989 1549 adducat,
1044 1489 1163 1533 nec
1217 1466 1400 1531 illum
1455 1466 1745 1549 percepit
1790 1467 1859 1531 'et
1903 1466 2009 1531 hic
2055 1466 2321 1533 mirifice
2370 1472 2471 1533 est
2515 1491 2635 1534 nu-

293 1577 555 1657 gatus.“
631 1574 1199 1640 Drakenborchius
1247 1573 1432 1639 addit
1475 1572 1841 1638 sententiae
1887 1572 2059 1639 illius
2098 1573 2275 1639 docti
2313 1575 2435 1639 viri
2482 1598 2635 1642 con-
2668 1642 2671 1649 ,

295 1681 648 1746 firmandae
705 1703 901 1747 causa
955 1681 1170 1747 locum
1227 1702 1310 1747 ex
1355 1678 1712 1764 Apollinari
1756 1678 2024 1746 Sidonio
2082 1682 2385 1764 petitum,
2444 1704 2637 1765 quem

298 1788 524 1852 afferre
561 1787 800 1853 nullius
838 1788 1152 1854 momenti
1181 1791 1301 1853 est.
1376 1787 1560 1852 Licet
1599 1787 1769 1853 enim
1818 1780 2153 1869 „geminae
2190 1787 2423 1872 Alpes“
2466 1790 2635 1873 apud
2722 1781 2733 1793 ’

298 1893 722 1959 Prudentium
759 1895 856 1961 ita
891 1895 1354 1979 interpreteris,
1395 1894 1551 1977 quid
1589 1894 1809 1973 valent
1848 1893 2142 1978 exempla
2178 1895 2310 1961 ista
2344 1918 2427 1959 ex
2455 1896 2639 1961 libris

299 2000 633 2067 hominum
669 2003 876 2067 multo
913 2002 1235 2068 inferioris
1257 2001 1536 2085 gsaeculi,
1577 2022 1773 2084 quam
1811 2021 1940 2083 quo
1966 2000 2165 2067 Silius
2202 2002 2390 2083 vixit,
2430 1988 2643 2086 petita
2734 2090 2738 2093 ι

303 2108 386 2172 ad
431 2112 728 2175 nostrum
774 2108 1031 2174 locum?
1099 2108 1415 2192 Equidem
1473 2108 1731 2173 etiamsi
1784 2107 2139 2191 periculum
2186 2112 2305 2189 est,
2364 2131 2443 2173 ne
2466 2111 2644 2175 'ean-

304 2215 450 2281 dem
515 2215 882 2299 „stuporis“
943 2215 1486 2299 vituperationem
1542 2214 1840 2295 subeam,
1910 2214 2106 2279 aliam
2171 2214 2646 2299 interpretandi

304 2324 625 2389 rationem
662 2342 1039 2407 proponam.
1125 2322 1314 2405 Quod
1348 2323 1627 2406 primum
1664 2320 2226 2388 enim'tenendum
2264 2325 2425 2404 erat,
2464 2312 2648 2406 pror-
2734 2312 2743 2316 ’

306 2452 416 2495 sus
461 2430 886 2513 neglexerunt
932 2419 1478 2495 doctissimi‘'viri:
1529 2428 1872 2495 Gestarem
1909 2429 2203 2494 versibus
2241 2430 2371 2494 333
2411 2433 2479 2501 et
2514 2431 2647 2496 334

305 2536 611 2620 proferre,
653 2557 820 2619 quae
865 2534 1145 2601 Hannon
1192 2535 1486 2617 dixisset,
1541 2525 1767 2619 itaque
1823 2557 2048 2601 versus
2094 2536 2225 2601 333
2272 2538 2341 2601 et
2386 2536 2517 2601 334
2564 2537 2648 2602 ad

309 2643 672 2710 orationem
716 2642 1052 2709 Hannonis
1099 2643 1309 2727 ipsam
1364 2642 1735 2709 referendos
1782 2665 1923 2708 esse
1969 2645 2477 2709 consentaneum
2526 2646 2645 2709 est.

308 2748 436 2815 Sed
484 2750 640 2833 quid
686 2750 966 2815 Hannon
1024 2750 1193 2815 dixit
1241 2750 1317 2815 de
1345 2749 1697 2815 montibus
1755 2750 1883 2815 illis
1940 2748 2292 2814 Hannibali
2340 2771 2650 2833 superan-

311 2855 456 2921 dis‘?
519 2856 950 2923 Acerbissime
997 2858 1335 2922 audaciam
1383 2855 1729 2924 iuvenilem
1776 2855 2085 2922 cavillans
2130 2856 2295 2921 haec
2337 2854 2652 2922 vocifera-

311 2966 421 3027 tus
469 2966 640 3028 erat:

313 3111 374 3153 v.
421 3065 590 3155 312(
639 3088 903 3155 Scilicet
947 3087 1318 3171 immensae,
1366 3088 1522 3155 visis
1570 3087 1979 3154 iuvenalibus
2027 3088 2222 3154 armis
2292 3090 2309 3099 ‘

633 3194 990 3262 Subsident
1037 3194 1258 3280 Alpes!
1308 3196 1605 3262 subsidet
1650 3195 1819 3262 mole
1868 3195 2070 3260 nivali
2510 3285 2532 3295 Ἴ

637 3302 932 3389 Alpibus
979 3305 1368 3391 aequatum
1413 3304 1777 3372 adtollens
1816 3306 2035 3389 caput
2083 3304 2533 3389 Apenninus!

320 3446 498 3526 Quae
537 3444 884 3528 descriptio
923 3446 1246 3530 Apennini·
1280 3448 1442 3511 satis
1485 3438 1763 3511 dilucide
1803 3446 2247 3511 demonstrare
2288 3445 2447 3509 mihi
2483 3445 2659 3510 vide-

318 3557 445 3632 tur,
496 3552 652 3635 quid
697 3557 923 3618 nostro
972 3553 1114 3620 loco
1165 3554 1542 3637 „geminas“
1602 3553 1942 3635 significet.
2038 3552 2430 3632 „Geminas“
2488 3552 2658 3616 enim

321 3681 452 3725 non
507 3658 716 3725 solum
772 3660 1059 3743 pertinet
1115 3662 1195 3724 ad
1244 3660 1457 3744 Alpes,
1515 3660 1630 3724 sed
1688 3660 1887 3724 etiam
1950 3659 2033 3723 ad
2078 3660 2507 3745 Apenninum,
2566 3660 2661 3722 ita
2765 3658 2775 3667 ’

321 3772 397 3831 ut
442 3766 763 3849 significet
816 3768 988 3831 idem
1045 3767 1218 3850 quod
1277 3766 1604 3849 „similes“
1662 3767 1799 3831 sive
1856 3772 2149 3850 „pares“,
2210 3788 2377 3849 quae
2423 3766 2663 3849 signifi-

327 3874 500 3940 catio
548 3873 875 3939 invenitur
919 3874 989 3938 in
1036 3873 1320 3939 eiusdem
1366 3872 1511 3941 Silii
1556 3873 1702 3939 libr.
1750 3874 1853 3940 IV.
1902 3896 1962 3939 v.
2014 3875 2127 3938 99:

687 3995 1025 4100 Ambobus
1070 4000 1262 4066 velox
1307 3999 1513 4065 virtus
1561 4000 2030 4085 geminusque
2077 3997 2309 4081 cupido

687 4105 928 4171 Laudis
977 4110 1122 4189 etc„
2103 4106 2108 4110 ’

328 4231 412 4299 ad
462 4251 650 4318 quem
689 4230 1040 4317 Rupertius
1078 4232 1379 4299 adnotat:
1435 4233 1784 4319 „geminus,
1833 4231 2081 4314 similis»,
2130 4254 2265 4317 par,
2314 4234 2391 4296 ut
2425 4231 2667 4317 passim
