3134 4767
1255 168 1679 232 —17-

474 378 602 445 Sed
631 400 764 445 non
792 378 998 445 solum
1031 379 1211 447 clade
1247 378 1378 445 ista
1405 379 1667 463 publica
1694 380 1805 445 sed
1836 380 2033 445 etiam
2060 379 2321 465 privata
2352 378 2638 446 animum

299 484 442 552 Silii
487 486 614 551 hoc
661 489 952 570 tempore
1001 486 1353 552 distentum
1410 508 1486 552 ac
1543 487 1865 554 divulsum
1918 509 2059 553 esse
2114 485 2460 552 verisimile
2516 490 2636 577 est.

299 590 500 657 Filius
567 593 738 657 enim
802 594 1012 659 minor
1075 597 1237 659 natu
1301 596 1580 664 Severus
1650 598 1861 662 morte
1926 594 2235 681 abreptus
2302 597 2403 659 est
2466 614 2637 661 anno

305 699 393 763 94
415 720 477 782 p.
517 698 667 764 Chr.
707 700 809 766 vel
842 702 1132 767 extremo
1181 723 1351 766 anno
1399 702 1504 783 93,
1533 702 1708 785 quod
1755 701 2017 785 collegit
2048 700 2638 784 Friedlaenderus1)
2716 686 2723 699 ⁸

300 827 336 869 e
389 804 709 872 Martialis
769 805 920 873 libri
971 808 1080 873 IX.
1140 808 1608 892 epigrammate
1666 811 1769 875 86.
1822 809 1906 873 ad
1961 808 2193 875 Silium
2256 809 2441 890 dat0,
2510 830 2637 892 quo

299 910 616 977 Martialis
663 898 1026 997 Apollinem
1072 916 1282 998 ipsum
1331 919 1400 980 et
1443 938 1705 999 gregem
1751 914 2035 981 Pierium
2090 937 2309 981 secum
2362 918 2637 981 mortem

299 1016 549 1083 iuvenis
588 1018 1030 1103 deplorantem
1068 1022 1245 1087 facit.
1326 1022 1575 1103 Qu'ibus
1624 1021 2108 1088 calamitatibus
2156 1026 2225 1087 et
2246 1020 2535 1107 *publicis
2574 1026 2673 1087 et·

300 1124 571 1207 privatis
648 1148 796 1191 cum
867 1127 1064 1195 Silius
1138 1128 1544 1213 aliquantum
1618 1129 1948 1213 temporis·
2006 1129 2341 1195 devinctus
2422 1130 2641 1213 putari

299 1231 528 1317 possit,
578 1236 751 1298 certe
796 1234 937 1307 fieri
982 1236 1218 1319 potuit,
1265 1239 1343 1301 ut
1389 1240 1522 1301 tr'es
1569 1236 1702 1302 fere
1746 1228 1898 1300 anni
1934 1236 2382 1320 praeterirent,
2432 1237 2641 1319 prius-

301 1359 496 1421 quam
543 1337 781 1405 librum
827 1340 916 1405 XI
963 1345 1028 1407 et
1073 1342 1192 1407 XII
1238 1343 1352 1426 qui
1400 1364 1480 1407 ex
1531 1341 1701 1409 1363
1749 1343 2044 1409 versibus
2091 1346 2424 1426 constant,
2486 1364 2639 1409 con-
2702 1326 2711 1334 ⁴

300 1443 561 1510 fecisset
609 1449 676 1511 et
720 1448 1192 1531 perpolivisset.
1788 1462 1795 1469 '

477 1552 756 1635 Plinius,
824 1558 900 1619 ut
957 1555 1039 1620 ad
1095 1579 1230 1621 rem
1285 1578 1324 1620 a
1378 1560 1607 1623 nostra
1654 1529 2039 1641 quaestione
2094 1556 2372 1623 alienam
2427 1559 2641 1624 trans—

199 1685 210 1694 ·
302 1678 523 1723 eamus
581 1660 694 1723 sed
751 1682 947 1745 quam
1003 1663 1084 1726 ad
1132 1665 1426 1728 nostrum
1472 1664 1721 1729 lucrum
1777 1663 2255 1745 revocabimus,
2326 1664 2640 1747 epistulae

299 1763 472 1829 illius
527 1768 936 1851 paragrapho
985 1771 1025 1834 6
1075 1770 1233 1834 dicit
1280 1770 1357 1834 de
1395 1770 1585 1837 Silio:
1644 1764 2030 1853 „novissime
2078 1769 2177 1836 ita
2213 1771 2641 1837 suadentibus

302 1871 487 1935 annis
543 1871 627 1936 ab
682 1874 843 1939 urbe
899 1877 1166 1941 secessit
1223 1899 1418 1959 seque
1473 1878 1543 1941 in
1599 1876 1957 1961 Campania
2012 1877 2226 1943 tenuit
2274 1900 2350 1943 ac
2399 1900 2482 1942 ne
2528 1879 2642 1942 ad-

300 1980 502 2041 ventu
566 1979 832 2062 quidem
893 1982 1046 2047 novi
1100 1983 1409 2067 principis
1465 1984 1617 2050 inde
1682 1986 2047 2051 commotus
2114 1986 2274 2049 est.“
2383 1986 2638 2051 Verbis:

307 2083 441 2165 „ita
485 2085 910 2155 suadentibus
957 2089 1182 2155 annis“
1233 2091 1414 2156 nisus
1452 2092 1531 2156 H.
1572 2091 1817 2177 Blass2)
1868 2092 2235 2174 suspicatus
2275 2094 2381 2175 est
2412 2090 2641 2175 Silium

301 2190 557 2255 circiter
605 2214 845 2259 annum
894 2196 979 2262 84
1025 2196 1127 2262 vel
1174 2197 1278 2280 85,
1327 2220 1546 2263 senem
1593 2199 1939 2282 sexaginta
1985 2219 2302 2265 annorum
2348 2199 2417 2262 in
2454 2198 2642 2264 Cam—

272 2295 569 2381 ‘paniam
617 2298 1030 2384 demigrasse,
1090 2305 1265 2387 quod
1303 2305 1536 2370 'iecisse
1582 2305 1791 2389 magis
1840 2326 2035 2388 quam
2081 2305 2250 2371 serio
2290 2306 2641 2373 coniecisse

301 2402 462 2468 mihi
515 2405 772 2471 videtur
826 2410 924 2473 vir
984 2411 1416 2478 doctissimus.
1522 2412 1829 2496 Neglexit
1884 2413 2055 2479 enim
2110 2413 2329 2497 plane,
2388 2416 2462 2478 ut
2515 2414 2645 2479 alia

302 2509 626 2593 omittam,
676 2535 842 2596 quae
891 2516 1300 2583 coniecturae
1337 2519 1431 2584 illi
1477 2518 1769 2603 obstant,
1808 2518 2135 2586 voculam:
2194 2520 2640 2603 „novissime“,

283 2637 498 2699 ‚quam
543 2620 866 2703 pertinere
910 2645 1042 2690 non
1089 2646 1277 2709 posse
1325 2627 1408 2692 ad
1454 2629 1730 2711 tempuS,
1781 2626 1957 2711 quod
1991 2648 2123 2693 non
2160 2626 2374 2693 minus
2421 2629 2499 2695 17
2540 2625 2644 2692 vel

306 2722 387 2788 16
436 2725 622 2791 annis
664 2726 748 2791 ab
787 2750 863 2794 eo
912 2752 1040 2814 quo
1081 2732 1327 2798 Plinius
1374 2734 1721 2817 epistulam
1766 2734 2026 2837 scripsit
2068 2755 2238 2800 anno
2278 2773 2363 2782 —
2402 2756 2641 2800 annum

307 2830 429 2895 101
470 2852 532 2915 p.
573 2831 720 2897 Chr.
771 2835 914 2900 dico
971 2876 1056 2885 —
1118 2839 1439 2922 distabat,
1498 2862 1688 2907 nemo
1746 2844 1848 2907 est
1902 2841 2017 2925 qui
2069 2843 2283 2924 neget.
2350 2820 2474 2905 'Illi
2530 2841 2645 2906 ad-

302 2936 525 3004 verbio
572 2940 781 3023 magis
828 2945 1169 3010 convenire
1217 2947 1502 3029 videtur,
1552 2928 1729 3031 quod
1773 2948 1936 3013 mihi
1988 2949 2055 3013 in
2110 2950 2397 3014 mentem
2441 2948 2641 3029 venit,

304 3046 616 3111 autumno
695 3048 848 3113 anni
912 3051 997 3117 94
1065 3051 1167 3117 vel
1231 3075 1380 3118 vere
1445 3055 1601 3118 anni
1667 3056 1752 3121 95
1826 3055 2059 3123 Silium
2121 3056 2189 3119 in
2243 3054 2430 3121 villas
2492 3075 2643 3121 suas

245 3164 254 3169 ·
302 3170 372 3215 se
416 3153 752 3236 recepisse.

480 3276 615 3341 Nec
677 3300 809 3345 non
875 3304 1104 3347 causas
1169 3286 1332 3350 satis
1396 3307 1639 3369 graves⁸
1692 3288 1774 3352 ad
1840 3290 2241 3353 senectutem
2306 3309 2642 3371 summam,

305 3402 501 3463 quam
547 3383 793 3453 Plinius
840 3390 1032 3455 affert
1076 3412 1359 3476 causam,
1411 3396 1759 3460 accessisse
1807 3396 2120 3480 suspicor,
2169 3416 2336 3478 quae
2382 3398 2644 3479 poetam

304 3498 805 3577 commoverent,
854 3500 929 3565 ut
975 3519 1044 3563 se
1091 3499 1158 3563 in
1198 3501 1406 3567 otium
1453 3505 1520 3566 et
1557 3502 2100 3585 tranquillitatem
2141 3503 2317 3568 vitae
2362 3503 2645 3568 rusticae

301 3594 597 3664 referret:
669 3602 943 3684 primum
1010 3607 1185 3690 quod
1250 3608 1609 3674 dominatio
1676 3609 2033 3674 Domitiani
2096 3610 2164 3674 in
2233 3610 2366 3673 dies
2437 3611 2644 3692 magis

303 3703 658 3786 saeviebat,
705 3708 933 3776 deinde
981 3714 1162 3796 quia,
1221 3716 1564 3781 consulatu
1610 3715 1727 3784 filii
1772 3717 2035 3782 maioris
2094 3721 2378 3800 peractO,
2439 3717 2644 3782 altero

303 3806 438 3874 filio
460 3810 784 3896 defunctO,
818 3818 978 3881 nihil
1002 3822 1372 3913 e1·at5.quod
1394 3844 1540 3892 eum
1568 3825 1814 3889 Romae
1842 3826 2113 3888 teneret.
2157 3824 2645 3907 Peropportune

303 3918 638 3998 praeterea
685 3921 844 4017 mihi
890 3927 1146 4009 accidit,
1202 3930 1377 4012 quod
1422 3930 1490 3994 in
1535 3930 1859 3997 Martialis
1907 3931 2422 4014 epigrammaton
2476 3930 2644 3994 libro

485 4131 505 4161 ¹
562 4132 597 4186 l.
637 4132 672 4187 l.
754 4177 762 4188 .
802 4138 872 4192 43
913 4180 923 4191 .

485 4130 527 4290 ’ζ
565 4152 770 4278 annall.
801 4137 956 4297 phin.
988 4231 1093 4285 vol.
1126 4232 1228 4288 109
1266 4250 1392 4305 pag.
1421 4234 1528 4289 497
1567 4234 1757 4290 adnot.
1796 4233 1881 4289 14.
