3134 4767
898 578 900 580 >
1115 542 1417 629 3³31ssssstss-

1168 660 1406 708 οετως

1007 726 1059 783 U
1075 726 1128 781 Ν
1144 728 1222 782 ἒξ·”
1235 731 1407 790 553„
1357 737 1440 792 ““5

1220 810 1302 848 ΘΓ

1080 864 1416 949 σι’-ὲ.ἔΐῡῐέἰῗὶ

1309 966 1368 977 ...α-

533 1226 616 1395 I.
677 1223 1462 1413 Quaestiones
1542 1222 2483 1399 chronologicae.
2548 1299 2555 1301 -

519 1652 923 1735 Quamquam
971 1674 1102 1717 non
1149 1650 1384 1715 desunt
1421 1651 1544 1715 viri
1586 1652 1789 1731 docti,
1787 1650 1953 1771 qui
1997 1650 2066 1715 in
2112 1650 2395 1715 carmine
2432 1648 2679 1717 Siliano

339 1759 474 1823 sive
512 1759 1000 1843 interpretando
1039 1759 1174 1824 sive
1214 1759 1298 1822 ad
1335 1758 1631 1823 codicum
1671 1735 2067 1841 optmiorum
2103 1756 2451 1822 lectionem
2494 1774 2683 1826 revo-

341 1866 547 1930 cando
588 1866 938 1948 egregiam
951 1886 1216 1947 operam
1257 1864 1758 1954 collocaverunt,
1797 1868 2021 1929 tamen
2057 1863 2271 1929 nullus
2300 1865 2398 1928 vir
2428 1865 2677 1947 doctus

343 1976 660 2055 quantum
707 1972 863 2052 sci0,
914 1972 1282 2036 accuratius
1319 1945 1767 2054 perscrutatus
1816 1974 1936 2052 est,
1986 1992 2117 2054 quo
2155 1973 2447 2053 tempore
2483 1971 2681 2039 Silius

337 2078 602 2144 Italicus
649 2079 908 2144 carmen
955 2100 1143 2143 suum
1191 2076 1607 2169 condiderit.⁴
1668 2078 1854 2157 Quod
1911 2078 1977 2141 in
2030 2077 2197 2143 libro
2246 2078 2445 2142 tertio
2492 2079 2681 2144 Puni-

340 2206 561 2251 corum
607 2186 756 2249 inde
805 2208 844 2249 a
890 2206 1080 2249 versu
1125 2184 1257 2250 594
1301 2205 1506 2267 usque
1554 2185 1639 2248 ad
1676 2170 1935 2249 versum
1982 2185 2111 2249 629
2157 2184 2370 2267 gentis
2417 2184 2681 2251 Flaviae

338 2291 630 2375 inprimis
686 2292 1045 2356 Domitiani
1098 2290 1242 2355 laus
1300 2292 1548 2370 exstat,
1577 2371 1582 2376 ⁸
1616 2290 1912 2355 homines
1978 2290 2156 2355 docti
2221 2291 2497 2368 adducti,
2542 2314 2681 2358 esse

338 2398 676 2478 videntur‚.
707 2401 784 2461 ut
819 2400 1127 2481 putarent
1163 2396 1538 2462 Domitiano
1578 2399 1894 2481 regnante
1932 2419 1973 2462 a
2010 2396 2170 2463 Silio
2209 2418 2469 2463 carmen
2507 2420 2682 2491 com-

337 2504 622 2586 positum
665 2527 827 2569 esse.
921 2505 1064 2583 Qua
1100 2504 1168 2567 in
1206 2504 1534 2571 sententia
1570 2526 1703 2569 non
1740 2503 1951 2569 solum
1987 2504 2261 2589 Ruperti
2299 2507 2381 2569 et·
2402 2505 2679 2588 Ernesti,

339 2612 619 2693 proximi
673 2610 917 2677 saeculi
973 2611 1254 2675 editores
1305 2612 1548 2696 optime
1596 2609 1673 2674 de
1720 2610 1881 2677 Silio
1928 2611 2147 2674 meriti
2194 2612 2676 2693 acquieverunt,

236 2764 248 2778 .
341 2717 457 2781 sed
496 2718 693 2781 etiam
731 2718 1109 2783 recentioris
1150 2718 1294 2782 aevi
1330 2718 1454 2781 viri
1493 2717 1873 2798 doctissimi,
1915 2716 1993 2783 G.
2035 2716 2307 2798 Cosack‚
2356 2717 2433 2782 G.
2474 2718 2679 2804 Thilo,

339 2845 471 2888 non
513 2822 702 2887 aliter
739 2824 1040 2887 videntur
1087 2810 1384 2907 sensisse,
1435 2844 1581 2889 cum
1617 2823 1794 2888 nullo
1831 2823 1976 2888 loco
2012 2822 2379 2889 libellorum
2415 2846 2677 2890 suorum

340 2930 510 2995 hanc
555 2950 695 2995 rem
735 2951 818 2993 ne
863 2929 1090 2995 leviter
1137 2931 1397 3013 quidem
1441 2930 1801 3014 attigerint.
1886 2930 2201 3014 Quinque·
2223 2911 2482 3017 tantum
2518 2931 2679 2999 locis

341 3037 515 3102 aliud
581 3036 916 3116 iudicium,
988 3036 1100 3100 sed
1161 3036 1452 3101 infirmae
1511 3038 1921 3104 coniecturae
1985 3036 2176 3103 nullis
2241 3038 2375 3103 sive
2428 3037 2679 3104 levibus

339 3144 756 3226 argumentis·
804 3142 1008 3207 fultae
1071 3144 1286 3226 specie
1351 3143 1587 3208 inveni.
1698 3144 1770 3208 E.
1818 3143 2097 3230 weze11)
2155 3146 2222 3209 et
2275 3144 2355 3208 H.
2404 3144 2589 3209 Blass
2606 3144 2676 3231 ²),

336 3249 453 3314 ubi
519 3248 596 3314 de
650 3250 762 3314 illa
820 3248 1277 3315 dissertatione
1341 3249 1651 3314 iudicium
1706 3249 1889 3331 tulit,
1954 3249 2080 3315 nisi
2143 3249 2287 3315 loco
2352 3250 2462 3316 illo
2528 3250 2680 3316 libri

336 3355 518 3420 tertii
569 3378 764 3439 supra
825 3356 1123 3437 laudate,
1194 3345 1577 3422 'coniectura
1644 3357 1929 3422 assecuti
1990 3358 2146 3421 sunt
2213 3355 2355 3422 Silii
2420 3378 2679 3425 carmen

337 3465 490 3527 ante
537 3483 778 3527 annum
821 3462 1080 3546 p..Chr.
1121 3462 1216 3531 96
1264 3466 1380 3527 aut
1427 3463 1520 3532 98
1567 3463 1653 3527 ad
1687 3463 1881 3533 finem
1926 3483 2059 3527 non
2096 3484 2235 3528 esse
2271 3460 2702 3551 perductum.⁴

336 3569 687 3635 Praeterea
742 3570 821 3633 H.
869 3569 1056 3635 Blass
1112 3568 1154 3634 l.
1202 3568 1244 3633 l.
1293 3564 1575 3635 strictim
1643 3569 1989 3653 adnotavit
2049 3568 2252 3635 libros
2317 3569 2457 3636 Silii
2523 3573 2676 3636 ante

337 3696 575 3741 annum
639 3675 734 3741 84
797 3675 1075 3741 fortasse
1140 3676 1432 3759 inceptos
1499 3698 1660 3742 esse.
1775 3675 2017 3740 Teuffel
2034 3675 2085 3758 ⁸)
2150 3697 2543 3759 quamquam
2609 3677 2673 3740 in

334 3782 554 3847 limine
625 3781 1019 3866 paragraphi
1095 3783 1277 3848 dicit:
1371 3782 1576 3850 Unter
1648 3782 1983 3847 Domitian
2057 3782 2461 3859 bearbeitete
2536 3783 2675 3847 sein

335 3888 508 3971 Epos
553 3889 714 3954 iiber
763 3889 888 3954 den
931 3889 1206 3954 zweiten
1243 3889 1602 3974 punischen
1645 3889 1843 3971 Krieg
1890 3888 2086 3955 Silius
2123 3887 2407 3969 Italicus,
2455 3892 2686 3953 tamen

515 4066 555 4139 ¹)
594 4066 722 4121 dise.
770 4067 866 4134 „de
907 4065 1028 4121 Silii
1062 4064 1246 4121 Italici
1285 4082 1412 4121 cum
1446 4064 1693 4121 fontibus
1732 4068 1853 4120 tum
1890 4065 2186 4134 exemplis“
2228 4082 2355 4135 pag.
2397 4066 2515 4120 104.

512 4153 556 4225 ²)
594 4152 798 4209 annall.
836 4154 990 4225 phill.
1030 4154 1138 4215 vol.
1179 4156 1298 4224 109,
1336 4170 1465 4225 pag.
1503 4155 1626 4222 497,
1668 4154 1796 4210 adn.
1837 4155 1920 4209 14.

513 4240 556 4313 ⁸)
593 4244 655 4299 R.
693 4244 754 4297 L.
796 4244 856 4299 G.
896 4244 920 4277 ⁴
957 4246 989 4315 g
1027 4245 1148 4301 320.

1202 4399 1636 4505 207440

2566 4348 2633 4402 1*
