3134 4767
1399 107 1530 183 ’-
1612 134 1869 199 22-

658 344 1026 417 Permultos
1083 344 1246 412 alios
1291 344 1503 428 locoe,
1561 334 1676 429 qui
1730 336 1809 410 in'
1855 345 2339 412 commentariis
2390 345 2835 431 Rupertianae

484 455 552 517 et
587 435 1014 519 Ernestianae
1052 452 1361 518 editionis
1408 458 1889 537 comparantur,
1937 456 2295 537 praeterae,
2346 475 2492 519 cum
2532 454 2836 537 equidem

485 558 976 625 similitudinem
1023 560 1351 643 quandam
1396 560 1465 625 in
1509 559 1595 625 iis
1637 552 1769 625 non
1815 560 2192 626 invenerim.

660 667 841 746 Quae
886 665 1058 733 ratio
1095 667 1274 732 ‘inter
1311 665 1542 733 Silium
1584 671 1649 732 et
1685 666 1973 734 Statium
1994 667 2463 749 intercederet,
2514 667 2597 732 ad
2642 666 2837 751 liqui-

483 774 639 865 dum
683 773 1064 859 perduxisse
1108 773 1271 838 mihi
1314 773 1570 839 videtur
1618 775 1698 839 H.
1738 774 2009 862 Blass1).
2095 774 2257 840 Cum
2304 774 2475 839 enim
2523 774 2718 841 Silius
2768 776 2839 837 et

484 880 722 948 nobilis
763 865 830 946 et
876 881 1054 947 dives
1102 882 1201 946 vir
1245 880 1463 963 fuerit,
1511 881 1859 946 verisimile
1908 885 2009 947 est
2046 882 2333 949 Statium
2370 881 2529 947 locis
2569 881 2840 963 quibus-

396 1050 402 1057 .
485 989 636 1053 dam
691 988 774 1052 ad
820 987 1051 1054 Silium
1107 987 1372 1054 honoris
1428 1009 1627 1053 causa
1674 988 2058 1072 respexisse,
2117 990 2294 1071 quod
2349 982 2658 1054 iudicium
2702 988 2840 1051 iam

487 1093 926 1159 Godofredum
955 1094 1331 1179 Bernhardy
1367 1094 1595 1161 tulisse
1618 1095 1805 1160 Blass
1843 1096 1885 1159 l.
1918 1094 1962 1159 l.
1997 1094 2173 1162 dicit.
2236 1096 2338 1161 Ab
2360 1096 2494 1172 hac'
2508 1093 2841 1160 sententia

484 1221 616 1266 non
661 1201 869 1266 multo
917 1200 1156 1267 afuisse
1193 1202 1452 1268 videtur
1497 1203 1670 1268 Frid.
1709 1201 1964 1268 Ritschl
1978 1203 2046 1289 2),
2097 1203 2210 1285 qui
2231 1270 2232 1277 χ
2256 1202 2419 1267 duos
2464 1199 2611 1269 illos
2655 1201 2839 1285 locos

486 1306 624 1394 (Sil.
666 1307 696 1371 1
733 1309 860 1374 231
903 1310 972 1373 et
1007 1308 1178 1375 Stat.
1219 1308 1396 1375 Libr.
1423 1309 1507 1375 IV
1545 1312 1607 1392 7,
1653 1310 1761 1395 15)
1801 1308 1944 1376 Silii
1980 1313 2047 1374 et
2078 1310 2280 1376 Statii
2325 1298 2839 1395 commemorans
2885 1377 2893 1385 ‚

487 1413 775 1480 Statium
830 1415 1230 1481 imitatorem
1285 1414 1430 1483 Silii
1484 1416 1799 1481 nominat.
1911 1416 2039 1484 Sed
2068 1412 2491 1499 ‘quamquam
2546 1414 2842 1480 nonnulli

486 1519 614 1585 loci
659 1521 936 1605 speciem
983 1506 1320 1587 cuiusdam
1366 1522 1756 1588 imitationis
1802 1545 1957 1607 prae
2003 1544 2071 1589 se
2118 1523 2335 1589 ferunt
2381 1527 2449 1589 et
2494 1522 2751 1590 Statius
2798 1543 2841 1586 a

491 1626 792 1711 delicato,
839 1632 917 1693 ut
963 1630 1060 1694 ita
1099 1629 1332 1711 dicam,
1380 1618 1761 1695 assentandi
1796 1652 2029 1713 genere
2073 1651 2207 1696 non
2254 1630 2585 1711 abhorret,
2631 1630 2730 1694 ita
2764 1631 2843 1692 ut

456 1792 468 1800 ‚
487 1733 982 1800 benevolentiae
1018 1734 1165 1802 Silii
1211 1736 1575 1819 captandae
1622 1758 1821 1802 causa
1868 1738 2005 1803 eins
2053 1737 2445 1821 elegantiam
2483 1735 2585 1801 vel
2622 1734 2842 1801 suavi-

455 1843 694 1905 ‚tatem
749 1839 851 1905 vel
905 1841 1374 1926 proprietatem
1429 1843 1687 1909 dicendi
1741 1844 1995 1909 sectari
2027 1844 2343 1925 videatur,
2402 1847 2623 1908 tamen
2676 1840 2843 1905 nihil

489 1947 652 2012 certi
700 1968 782 2011 ex
829 1948 952 2013 hac
1000 1949 1487 2033 comparatione
1534 1950 1753 2034 colligi
1796 1972 1989 2034 posse
2034 1953 2195 2034 puto
2244 1949 2327 2015 ad
2366 1950 2841 2034 quaestionem,

483 2053 623 2137 vquo
659 2043 964 2139 tempore
1011 2056 1252 2139 singuli
1297 2056 1448 2123 libri
1495 2056 1717 2123 decem
1762 2058 2052 2141 priorum
2097 2057 2240 2124 Silii
2286 2056 2639 2143 conscripti
2684 2056 2843 2177 sint,

492 2162 574 2226 ad
621 2161 869 2226 exitum
918 2163 1298 2229 ducendam.

668 2269 846 2333 Haec
901 2269 1104 2334 habui
1170 2290 1368 2353 quae
1395 2270 1474 2335 de
1531 2270 2004 2355 disceptatione
2060 2271 2399 2355 proposita
2438 2270 2841 2336 dissererem.

491 2374 566 2439 In
600 2372 714 2446 ⁴his
763 2375 825 2439 si
879 2397 1010 2459 qua
1065 2377 1353 2444 inessent
1399 2377 1593 2460 bona,
1654 2378 1971 2462 quaedam
2029 2378 2411 2460 mediocria,
2468 2378 2632 2443 satis
2689 2398 2849 2442 con-

490 2483 714 2548 tentus
761 2503 988 2547 essem.

672 2694 862 2855 :lind
902 2783 1445 2841 lectt‘.Bonn.1857
1483 2802 1564 2855 sq.
1604 2802 1734 2857 pag.
1770 2786 1859 2843 IV.
