3134 4767
1275 114 1695 233 -'15-.

295 380 623 462 armasse,
683 381 976 465 captivos
1023 401 1154 444 non
1218 381 1492 463 pecunia
1554 380 1924 461 redemisse,
1992 401 2103 445 eos
2168 401 2344 461 ver0,
2417 381 2531 465 qui
2586 380 2655 445 in

312 510 531 571 pugna
575 487 904 571 fugerant,
952 476 1198 572 poenae
1247 508 1443 559 causa
1488 488 1556 551 in
1604 486 1889 553 Siciliam
1934 487 2168 553 missos
2216 508 2387 575 esse,
2434 491 2510 553 ut
2555 486 2657 552 ibi

309 598 676 677 manerent,
704 594 940 663 ,donec
1004 594 1232 678 „Latio
1263 594 1621 661 ,dedeceret
1666 594 1939 666 hostis“,
2033 593 2202 675 Quid
2234 594 2454 677 'magis
2501 616 2655 659 con-

311 702 562 766 venerit
615 702 684 765 in
737 700 930 766 finem
987 700 1193 784 partis
1251 701 1490 785 operis,
1551 719 1681 784 qua
1736 704 1934 786 poeta
1986 700 2319 795 infamiam
2375 700 2655 767 cladium

313 809 613 893 deinceps
660 811 1076 892 acceptarum
1113 808 1562 894 descripserat,
1614 825 1809 890 quam
1845 808 1975 873 ista
2014 808 2363 873 celebratio
2400 828 2656 873 morum

310 908 752 980 Romanorum
801 918 868 980 et
921 913 1157 979 indolis
1211 916 1573 995 Romanae,
1628 936 1760 997 qua
1813 914 1952 979 fieri
2005 916 2243 998 potuit,
2300 918 2377 979 ut
2422 914 2655 979 civitas

312 1020 414 1086 vel
449 1016 732 1086 maxime
771 1021 1112 1086 debilitata
1149 1020 1216 1086 et
1254 1022 1550 1086 confecta
1590 1021 1667 1085 de
1690 1022 1944 1103 integro
1988 1025 2279 1113 surgeret
2316 1024 2382 1085 et
2418 1004 2669 1085 victrix*

313 1128 708 1193 exsisteret?
780 1128 1011 1212 Itaque
1052 1147 1216 1211 quae
1255 1150 1449 1212 supra
1485 1128 1859 1193 coniectura
1906 1131 2242 1194 assecutus
2281 1150 2443 1208 sum,
2491 1128 2669 1191 veri--

313 1233 550 1300 similia
595 1257 734 1299 esse
779 1239 962 1318 puto,

489 1340 624 1415 Nec
685 1363 838 1407 vero
901 1362 1032 1406 non
1095 1340 1226 1406 alia
1290 1341 1794 1406 ratiocinatione
1860 1342 1944 1405 ad
1983 1342 2169 1405 'idem
2224 1341 2653 1425 pervenimus.

316 1446 944 1513 Oumstatuerimus
981 1447 1217 1513 librum
1253 1448 1395 1514 XIV
1432 1448 1648 1512 Nerva
1694 1450 2085 1531 imperatore
2124 1449 2458 1513 conditum
2496 1469 2655 1528 esse,

318 1554 621 1637 proclivis
689 1558 789 1620 est
862 1555 1237 1620 coniectura
1300 1554 1530 1621 Silium
1602 1576 1771 1619 anno
1836 1556 1919 1621 97
1986 1578 2047 1638 p.
2115 1554 2263 1620 Chr.
2329 1554 2510 1619 illum
2576 1554 2660 1617 ad

295 1661 689 1726 'umbilicum
727 1660 1123 1745 perduxisse.
1197 1660 1466 1729 Librum
1503 1661 1653 1741 XIII
1698 1660 1891 1745 paulo
1940 1666 2093 1727 ante
2141 1683 2338 1744 quam
2383 1682 2657 1744 sequens

315 1765 479 1832 liber
535 1768 924 1852 inciperetur
982 1790 1289 1834 excusum
1347 1790 1488 1834 esse
1554 1771 1623 1832 et
1675 1790 1787 1854 per
1843 1791 1911 1833 se
1966 1768 2380 1834 manifestum
2436 1770 2536 1833 est
2593 1770 2659 1830 et

284 1874 758 1940 >demonstrare
794 1876 1132 1941 .videntur
1202 1897 1426 1940 versus
1501 1876 1889 1941 605—608
1962 1875 2113 1949 libri
2187 1872 2469 1939 eiusdem
2546 1874 2659 1957 qui

317 1982 644 2065 quomodo
719 2003 866 2055 cum
930 1982 1465 2047 antecedentibus
1534 1982 1953 2063 cohaereant,
2030 1980 2223 2065 paulo
2292 1980 2658 2045 accuratius

276 2134 286 2141 a
315 2088 728 2172 explicemus.
851 2088 1068 2172 Scipio
1144 2090 1394 2153 iuvenis
1469 2110 1615 2153 cum
1690 2090 1921 2153 nuntio
1996 2089 2073 2153 de
2146 2091 2331 2171 patre
2407 2091 2473 2152 et
2548 2109 2661 2170 pa·-

314 2191 488 2259 truov
545 2196 614 2259 in
695 2195 1010 2279 Hispania
1091 2195 1450 2260 interfectis
1543 2199 1811 2277 accepto
1905 2195 2124 2260 dolore
2213 2194 2491 2260 afflictus
2578 2194 2661 2257 ad

313 2287 700 2383 longaeuam
765 2302 1170 2367 sacerdotem
1225 2302 1561 2368 ,Antinoen
1640 2302 1887 2383 ivisset,
1966 2323 2044 2365 ea
2118 2305 2383 2379 auctore
2456 2302 2659 2366 sacris

313 2406 440 2471 rite
505 2407 696 2473 factis
763 2430 985 2473 manes
1020 2400 1318 2473 excitat.
1387 2408 1714 2473 'Occurrit
1779 2409 1838 2473 ei
1900 2412 2052 2492 post
2116 2409 2415 2473 umbram
2469 2408 2662 2491 Appii

219 2592 226 2596 ¹
315 2511 572 2578 Claudii
628 2515 912 2579 consulis
971 2518 1124 2579 ante
1171 2514 1460 2598 Capuam
1517 2536 1601 2579 ex
1656 2514 1916 2579 vulnere
1971 2516 2214 2579 mortui
2267 2512 2501 2579 umbra
2556 2514 2659 2580 Si-

318 2617 529 2701 byllae
577 2619 936 2702 Cumanae,
987 2643 1152 2704 quae
1200 2620 1339 2685 fata
1384 2622 1635 2686 iuvenis
1686 2621 1955 2705 exponit
2012 2623 2079 2685 et
2124 2620 2393 2703 Stygiae
2439 2620 2662 2685 formi-

318 2726 486 2792 dinis
534 2727 750 2792 aulam
798 2728 1091 2811 aperiens
1149 2750 1291 2793 cum
1349 2727 1480 2794 alia
1535 2729 1825 2793 ostendit
1880 2730 2020 2793 tum
2066 2744 2248 2810 reges
2296 2748 2335 2790 a
2381 2726 2659 2793 Plutone

318 2831 662 2900 iudicatos,

494 2940 870 3023 Sequuntur
915 2940 985 3005 hi
1031 2963 1282 3031 versus:
1706 3004 1712 3014 ,

319 3066 380 3111 v.
431 3048 580 3113 605.
648 3049 898 3131 „Quam
943 3046 1184 3113 vellent
1229 3069 1583 3130 numquam
1622 3048 1891 3131 sceptris
1938 3047 2192 3113 fulsisse
2239 3047 2561 3131 superbis!

645 3154 1009 3239 „Insultant
1057 3156 1216 3220 duro
1265 3156 1534 3237 imperio
1582 3177 1713 3220 non
1762 3156 1957 3238 digna
2002 3176 2121 3219 nec
2168 3176 2378 3237 aequa

649 3261 786 3344 „Ad
831 3283 1097 3345 superos
1144 3262 1322 3345 passi
1366 3283 1589 3326 manes
1638 3284 1932 3345 quaeque
1980 3264 2134 3326 ante
2180 3261 2423 3345 profari

649 3367 836 3451 „Non
882 3368 1132 3432 licitum
1179 3368 1343 3433 vivis
1371 3358 1648 3459 tandem
1695 3368 2010 3452 permissa
2058 3371 2477 3452 queruntur.“

319 3487 726 3574 Quamquam
801 3492 1152 3576 Rupertius
1220 3492 1305 3557 ad
1367 3493 1539 3558 hunc
1605 3493 1820 3558 locum
1884 3493 2228 3559 adnotavit
2290 3514 2515 3559 versus
2580 3516 2663 3559 ex

320 3596 566 3663 Seneca
580 3597 630 3684 ¹)
677 3599 948 3687 petitos:

751 3706 933 3789 „Vidi
958 3690 1282 3771 v'cruentos
1331 3728 1589 3771 carcere
1636 3706 1880 3771 includi
1926 3707 2121 3774 duces

751 3810 873 3895 „Et
917 3812 1295 3896 impotentis
1341 3816 1526 3896 terga
1572 3812 1825 3897 plebeia
1870 3835 2069 3878 manu

753 3916 1013 4002 „Scindi
1058 3920 1379 4004 tyranni‚“

319 4026 542 4089 tamen
589 4045 720 4089 non
765 4024 952 4089 facile
1011 4026 1156 4108 quis
1206 4026 1342 4091 viro
1401 4026 1777 4111 doctissimo
1836 4026 2263 4121 assentiatur,
2326 4025 2384 4092 si
2437 4048 2661 4093 versus

503 4216 542 4289 ¹)
579 4219 742 4272 Herc.
780 4219 885 4274 fur.
923 4236 976 4289 p.
1018 4220 1118 4275 741
1157 4237 1276 4288 sqq.
1315 4220 1422 4291 (ed.
1461 4221 1665 4291 Peiper
1687 4252 1753 4261 —
1792 4220 2058 4295 Richter.)
