3134 4767
1307 580 1658 675 VITA.

486 841 1024 908 Ferdinandus
1069 841 1488 907 Buchwald
1539 844 1735 907 natus
1790 863 1935 907 sum
1992 864 2051 907 a.
2094 842 2153 905 d.
2193 843 2293 908 vl.
2336 842 2469 907 Cal.
2510 822 2659 908 J'un.

309 948 465 1013 anni
494 948 558 1014 h.
587 972 638 1014 s.
665 947 806 1014 LIII
840 948 910 1011 in
943 946 1088 1012 vico
1113 946 1524 1012 Jacubowitz
1558 948 1627 1011 in
1660 947 1939 1013 confinio
1974 946 2246 1013 Silesiae
2278 948 2663 1014 Borussicae

310 1057 379 1120 et
421 1055 764 1120 Austricae
823 1054 952 1119 sito
1009 1056 1196 1137 patre
1242 1053 1673 1134 FerdinandO,
1731 1057 1942 1119 matre
2003 1053 2353 1120 Ludovica.
2388 1076 2422 1118 e
2467 1058 2661 1137 gente

222 1193 228 1197 ·
306 1162 572 1241 Attner,
637 1160 873 1243 quibus
929 1158 1142 1225 adhuc
1195 1144 1358 1224 {rivis
1420 1160 1698 1243 gaudeo.
1809 1160 2032 1225 Fidem
2095 1160 2405 1243 profiteor
2470 1173 2664 1224 evan-

307 1268 602 1351 gelicam.
705 1264 938 1331 Primis
999 1265 1368 1331 litterarum
1423 1265 1761 1331 elementis
1818 1266 2177 1353 instructus
2233 1266 2303 1329 in
2361 1256 2661 1349 quintum
2738 1321 2745 1325 .

310 1374 600 1439 ordinem
648 1370 1112 1456 discipulorum
1158 1371 1481 1455 gymnasii
1534 1370 2009 1437 Ratiboriensis
2065 1374 2364 1455 receptus
2422 1394 2562 1435 sum
2622 1394 2662 1436 a

307 1482 447 1545 viro
497 1463 936 1543 illustrissimo
983 1477 1346 1544 Scheibelo.
1441 1478 1605 1541 Post
1646 1480 1898 1561 septem
1946 1497 2151 1542 annos
2200 1480 2268 1541 et
2323 1477 2661 1565 dimidium

306 1586 757 1666 testimonium
790 1583 1196 1661 *maturitatis
1243 1584 1518 1667 adeptus
1565 1588 1715 1647 vere
1763 1583 1917 1646 anni
1954 1583 2017 1648 h.
2059 1604 2108 1647 s.
2148 1583 2381 1657 LXXII
2416 1584 2664 1647 Vratis-

307 1686 547 1756 laviam
601 1691 764 1773 petii
821 1695 887 1754 et
944 1689 1192 1769 civibus
1241 1690 1629 1753 academicis
1687 1689 2053 1773 adscriptus
2108 1711 2222 1773 per
2278 1710 2514 1753 novem
2561 1710 2661 1753 se-

307 1794 578 1862 mestria
637 1818 740 1861 vv.
799 1795 903 1859 dd.
962 1795 1158 1875 Care,
1225 1794 1512 1877 Dilthey,
1580 1796 1913 1875 Foerster,
1978 1795 2196 1875 Hertz,
2262 1794 2659 1872 Junkmann,

251 1913 272 1925 ²
305 1904 667 1984 Neumann,
719 1898 1009 1985 Oginski,
1058 1901 1332 1987 Pseiffer,
1381 1900 1859 1981 Reifferscheid,
1910 1897 2267 1981 Rossbach,
2308 1900 2657 1979 Rueckert,

305 2009 620 2087 Stenzler,
667 2007 906 2072 Weber
953 2007 1210 2073 scholas
1257 2006 1684 2089 frequentavi,
1733 2029 1846 2090 per
1883 2007 2013 2071 tria
2045 2006 2385 2071 semestria
2420 2026 2661 2088 magna

305 2137 451 2181 cum
497 2114 792 2178 utilitate
837 2113 1080 2177 sodalis
1126 2112 1222 2177 fui
1259 2113 1712 2196 proseminarii
1756 2116 1827 2177 et
1872 2112 2205 2189 seminarii
2250 2112 2413 2194 regii
2450 2111 2660 2195 philo-

245 2205 249 2209 ’
304 2221 518 2303 logici,
554 2221 730 2303 quod
763 2224 906 2284 tum
929 2242 1032 2283 vv.
1063 2219 1166 2284 dd.
1193 2220 1392 2284 Hertz
1419 2224 1484 2282 et
1509 2218 1848 2299 Rossbach
1884 2218 2220 2301 regebant.
2296 2215 2655 2298 Rossbach,

304 2349 365 2391 v.
406 2326 538 2407 inl„
573 2325 657 2390 ad
696 2326 1196 2391 exercitationes
1236 2323 1764 2408 archaeologicas
1805 2347 1907 2388 me
1958 2324 2251 2404 admisit,
2301 2345 2381 2387 ex
2418 2323 2656 2405 quibus

264 2424 268 2427 ’
304 2454 436 2497 non
466 2412 752 2515 parvum
791 2430 1074 2504 fructum
1111 2454 1213 2494 me
1253 2431 1496 2515 cepisse
1545 2431 1878 2529 confiteor.
1958 2430 2081 2494 His
2128 2427 2283 2493 viris
2332 2429 2654 2509 omnibus,

303 2540 371 2601 in
426 2539 650 2622 primis
707 2542 927 2603 autem
981 2535 1276 2615 HertziO,
1345 2537 1458 2619 qui
1514 2536 1788 2620 privatis
1851 2535 2137 2601 consiliis
2194 2534 2656 2618 benignissime

301 2666 407 2707 me
478 2643 787 2708 adiuvare
849 2659 1205 2725 numquam
1275 2644 1496 2723 desiit,
1564 2643 1812 2724 gratias
1878 2663 2002 2724 ago
2062 2642 2259 2724 quam
2312 2640 2650 2705 maximas,
2766 2709 2771 2711 ,

304 2752 664 2831 Postquam
697 2773 754 2813 a.
797 2749 856 2813 d.
897 2750 1011 2829 XV
1045 2748 1178 2813 Cal.
1228 2749 1414 2814 Febr.
1465 2746 1621 2812 anni
1652 2748 1715 2811 h.
1766 2770 1817 2811 S.
1866 2748 2183 2812 LXXVIII
2216 2748 2372 2811 viris
2412 2746 2655 2814 doctise

304 2855 485 2919 simis
537 2856 620 2919 ad
669 2856 1010 2919 scientiam
1070 2854 1601 2935 adulescentium,
1660 2854 1774 2937 qui
1822 2852 2191 2918 litterarum
2234 2838 2654 2935 antiquarum

305 2962 587 3027 studiosi
633 2947 808 3040 sunt,
864 2960 1246 3025 tentandam
1292 2960 1551 3044 publice
1598 2960 1915 3043 ordinatis
1966 2960 2281 3042 probatus
2329 2976 2491 3039 sum,
2542 2958 2653 3022 be-

301 3067 625 3151 nignitate
674 3068 797 3130 viri
832 3066 1253 3130 illustrissimi
1291 3067 1351 3131 J.
1393 3066 1955 3144 Sommerbrodtii,
1998 3065 2111 3148 qui
2148 3069 2249 3128 est
2286 3086 2325 3128 a
2363 3063 2653 3129 consiliis

301 3173 710 3237 scholasticis
753 3172 1141 3255 provinciae,
1185 3165 1532 3236 assecutus·
1558 3193 1723 3251 sum,
1762 3173 1837 3236 ut
1872 3170 2085 3254 patria
2123 3170 2187 3233 in
2224 3170 2384 3234 urbe
2424 3170 2649 3233 eodem

302 3300 474 3343 anno
521 3278 749 3343 militis
797 3282 863 3342 et
911 3277 1243 3342 candidati
1288 3278 1629 3361 probandi,
1681 3278 1791 3360 qui
1838 3280 2129 3356 vocatur,
2186 3296 2453 3339 munere
2508 3274 2651 3337 fun-

241 3407 253 3413 ”
302 3406 506 3467 geret.
587 3384 885 3448 Calendis
924 3382 1134 3447 Juniis
1175 3383 1327 3446 anni
1365 3383 1699 3465 sequentis
1738 3384 1821 3445 ad
1858 3381 2149 3447 scholam
2188 3380 2645 3446 Gorlicensem.

302 3510 466 3573 quae
503 3488 883 3554 Realschule
919 3490 967 3554 Ι.
1009 3488 1083 3554 Ο.
1134 3488 1514 3571 appellatur,
1565 3492 1862 3567 vocatus,
1912 3510 2025 3571 per
2065 3487 2351 3570 quinque
2395 3507 2666 3550 menses-

299 3594 604 3679 collegae,
657 3596 778 3677 qui
813 3594 1041 3660 morbo
1079 3594 1440 3678 'impeditus
1479 3596 1641 3674 erat,
1682 3594 1855 3657 vices
1894 3593 2049 3665 obii.
2118 3592 2363 3659 Statim
2400 3591 2485 3657 ab
2520 3590 2646 3655 hoc

213 3758 226 3770 ,
297 3723 561 3770 munere
626 3701 692 3763 in
711 3766 721 3772 ,¹
759 3700 1101 3783 collegium
1165 3700 1486 3784 gymnasii
1550 3700 1839 3765 eiusdem
1894 3699 2074 3762 urbis
2129 3682 2423 3780 receptus
2480 3717 2645 3774 sum,

277 3808 482 3872 «cuius
527 3807 650 3872 hos
697 3809 829 3873 iam
877 3808 1163 3890 quinque
1210 3807 1341 3890 fere
1387 3827 1595 3872 annos
1643 3806 1857 3870 socius
1905 3826 2048 3868 sum
2097 3804 2479 3875 ordinarius
