3134 4767
1271 83 1715 145 ,ἡγῇ

348 289 566 357 frfiher
613 312 1082 375 angenommen
1113 276 1328 372 habe,
1384 291 1507 357 in’s
1554 293 1717 385 Jaln·
1744 294 1878 375 93,
1936 293 2218 361 sondern
2263 295 2385 361 wie
2439 295 2691 362 Stobbe

347 390 609 464 48-251
657 398 1148 485 nachgewiesen
1194 399 1340 481 hat,
1397 399 1518 463 in's
1566 399 1726 465 Jahr
1774 400 1886 469 92-
1923 422 2004 465 zu
2050 404 2289 483 setzen,
2345 402 2415 465 in
2462 403 2691 469 dessen

348 506 482 570 Mai
521 504 656 570 also
694 505 1031 571 Domitian
1069 506 1184 570 auf
1218 506 1342 570 den
1377 506 1991 593 Kriegsschauplatz
2030 506 2293 591 abging,
2332 494 2423 573 im
2448 508 2693 576 Herbst

351 612 471 675 den
511 610 682 675 Titel
725 612 1076 695 imperator
1111 612 1293 677 XXII
1340 613 1623 678 annahm
1668 615 1799 678 und
1850 615 2022 695 dann
2067 636 2151 679 an
2200 615 2302 680 die
2342 615 2690 683 Riickkeh'r

351 717 650 783 dachte.“
774 714 1004 802 Itaque
1061 741 1282 788 versus
1339 719 1484 785 illos
1540 722 1671 785 616
1732 724 1798 785 et
1854 722 1979 787 617
2039 741 2169 786 non
2226 724 2381 787 ante
2436 725 2693 789 autum-

349 846 504 890 num
551 825 704 889 anni
752 826 835 891 92
883 846 946 909 p.
987 825 1133 890 Chr.
1174 826 1452 911 scriptos
1499 848 1641 892 esse
1689 822 1970 893 constat.
2708 815 2712 818 Ἴ

528 933 618 999 Ut
663 954 816 998 vero
865 921 1104 998 certius
1152 935 1408 1017 tempus
1456 933 1867 1015 definiamUS,
1924 956 1964 999 a
2009 934 2169 1001 Silio
2220 934 2549 1016 destituti,
2608 936 2692 999 ad
2764 932 2768 939 ’

345 1038 668 1119 Μειήίελὶε
715 1039 1186 1122 epigrammata
1215 1039 1694 1123 confugiamus,
1744 1064 1826 1105 ex
1865 1042 2102 1124 quibus
2139 1042 2299 1106 haec
2335 1042 2422 1109 ad
2458 1032 2691 1108 Silium

352 1147 508 1211 data
572 1148 751 1211 sunt:
837 1145 919 1209 IV
969 1147 1080 1228 14,
1148 1146 1421 1229 V1163‚
1496 1147 1638 1212 VIII
1684 1150 1800 1227 66,
1875 1148 1966 1213 IX
2013 1150 2126 1229 86,
2201 1148 2293 1213 XI
2336 1149 2423 1214 48
2481 1150 2549 1213 et
2602 1150 2689 1213 49

351 1252 886 1339 (Schneidewin).
966 1252 1314 1317 Praeterea
1377 1254 1659 1320 strictim
1739 1255 1817 1319 de
1892 1252 2053 1321 Silio
2127 1256 2287 1321 dicit
2365 1253 2511 1320 libr.
2578 1256 2690 1336 VI,

351 1360 549 1443 epigr.
599 1361 858 1439 64‚10.-
1677 1425 1681 1429 .

528 1466 732 1544 Quem
798 1466 1154 1531 carminum
1218 1488 1586 1548 numerum,
1663 1466 1899 1550 quibus
1972 1462 2171 1534 Silius
2204 1479 2206 1481 ’
2238 1468 2503 1551 eiusque
2576 1468 2693 1531 filii
2806 1492 2811 1499 ·

351 1571 870 1654 celebrabantur,
918 1594 1050 1637 non
1097 1576 1198 1638 est
1246 1574 1420 1657 quod
1457 1575 1783 1654 miremur,
1832 1574 1889 1638 si
1927 1577 1995 1639 et
2032 1577 2398 1657 temporum
2433 1572 2693 1639 illorum

351 1679 796 1745 condicionem
863 1682 958 1759 et,
1025 1700 1193 1763 quae
1267 1680 1591 1745 Martialis
1676 1681 1938 1764 propria
2018 1682 2201 1761 sunt,
2293 1680 2690 1765 respicimus

352 1786 514 1851 Cum
561 1786 732 1851 enim
789 1808 872 1857 ex
926 1785 1060 1850 divi
1103 1786 1407 1869 Augusti·
1439 1786 1844 1871 temporibus
1899 1776 2135 1879 poet'ae
2188 1786 2692 1870 imperatoribus

354 1893 637 1978 virisque
686 1892 800 1977 qui
846 1892 1192 1977 plurimum
1236 1892 1306 1957 in
1360 1892 1693 1977 republica
1746 1880 2104 1978 pollebant,
2162 1895 2481 1957 assentari
2535 1894 2693 1977 quin

350 2000 548 2065 etiam
587 2021 697 2065 eos
737 1997 987 2065 adulari
1025 1997 1329 2081 solerent,
1368 2003 1510 2064 tum
1546 2000 1686 2064 fieri
1721 2022 1854 2066 non
1896 2000 2143 2084 potuit,
2184 2000 2341 2084 quin
2378 2000 2686 2080 Martiali,

353 2128 544 2190 quem
588 2108 656 2171 in
704 2105 1024 2191 angustiis
1070 2107 1166 2173 rei
1218 2104 1556 2173 familiaris
1602 2110 1936 2173 versatum
1982 2128 2123 2173 esse
2169 2098 2449 2187 constat,
2506 2110 2692 2190 grate

351 2215 559 2285 omnis
590 2213 843 2279 occasio
874 2216 1260 2293 occurreret,
1301 2236 1370 2277 se
1399 2214 1466 2277 in
1498 2214 1777 2279 divitum
1803 2212 2315 2297 pollentiumque
2357 2213 2692 2301 hominum

350 2321 633 2404 gratiam
679 2320 1066 2387 insinuandi.
1158 2320 1389 2388 Silium
1436 2341 1589 2385 vero
1626 2320 1805 2395 ,inter
1854 2319 2090 2385 divites
2135 2319 2537 2403 nobilesque·
2574 2320 2691 2383 hoe

351 2428 553 2505 mines
591 2427 760 2493 illius
791 2428 1029 2493 aetatis
1057 2426 1462 2493 referendum
1503 2448 1642 2493 esse
1690 2448 1772 2491 ex
1801 2426 1995 2491 Plinii
2031 2427 2219 2511 epist.
2250 2427 2358 2507 ΠΙ,
2400 2428 2437 2492 7
2462 2425 2691 2506 elucet,

350 2536 420 2599 in
482 2556 613 2618 qua
674 2535 836 2599 haec
900 2534 984 2599 ad
1047 2538 1273 2599 nostra
1335 2521 1665 2619 spectant:
1754 2536 1791 2617 ἓ
1856 2535 1897 2599 3
1963 2534 2032 2598 in
2094 2532 2335 2598 Vitellii
2403 2533 2695 2598 amicitia

350 2642 676 2725 sapienter
714 2663 782 2706 se
820 2643 886 2706 et
917 2641 1193 2707 comiter
1227 2643 1539 2724 gesserat,
1583 2662 1665 2705 ex
1692 2639 2159 2725 proconsulatu
2186 2640 2380 2705 Asiae
2418 2639 2694 2722 gloriam

349 2749 816 2833 reportaverat.
853 2784 938 2797 --
969 2750 1006 2832 ξ
1035 2749 1080 2813 4
1115 2747 1268 2813 Fuit
1305 2749 1476 2813 inter
1511 2748 1834 2831 principes
1872 2746 2188 2812 civitatis·
2201 2746 2341 2811 sine
2377 2747 2694 2830 potentia,

285 2871 305 2880 ”
351 2856 490 2921 sine
543 2854 807 2919 invidia.
855 2891 942 2902 —
989 2856 1026 2937 ξ
1083 2857 1121 2920 8
1177 2855 1392 2937 plures
1446 2854 1677 2920 iisdem
1732 2853 1801 2917 in
1853 2852 2014 2919 locis
2069 2852 2258 2917 villas
2314 2852 2695 2936 possidebat

352 2960 801 3045 adamatisque
838 2960 1024 3026 novis
1055 2960 1305 3045 priores
1329 2960 1736 3043 neglegebat.
1767 2960 2045 3026 multum
2082 2960 2322 3044 ubique
2358 2960 2692 3041 librorum,
2808 3012 2812 3017 .

270 3124 284 3134 .
355 3068 628 3135 multum
673 3071 1066 3149 statuarum,
1112 3066 1390 3132 multum
1435 3067 1812 3150 imaginum.

529 3176 656 3243 Sed
701 3178 778 3240 ut
824 3196 900 3240 eo
946 3176 1306 3255 revocetur,
1354 3173 1525 3238 unde
1573 3174 1700 3239 huc
1747 3174 2098 3239 declinavit
2145 3173 2379 3256 oratio,
2440 3196 2523 3238 ex
2566 3174 2693 3239 illis

354 3282 778 3363 carminibus,
837 3303 1004 3365 quae
1051 3303 1248 3366 supra
1303 3282 1835 3362 commemoravi,
1892 3264 2372 3364 sexagesimum
2425 3280 2695 3346 tertium

353 3387 501 3453 libri
555 3389 666 3453 VH
727 3380 995 3454 nostrae
1057 3387 1518 3473 disceptationi
1577 3388 1794 3453 lucem
1855 3387 2083 3453 afferre
2141 3388 2417 3453 videtur.
2526 3386 2695 3452 Nam

354 3517 500 3561 cum
544 3495 612 3560 in
650 3496 840 3561 initio
889 3495 1192 3561 carminis
1238 3494 1309 3560 hi
1345 3516 1570 3561 versus
1618 3494 1947 3579 legantur:
2724 3478 2729 3482 ⁵
2768 3486 2772 3491 ’

676 3602 1025 3685 „Perpetui
1068 3623 1424 3686 numquam
1468 3602 1789 3667 moritura
1834 3600 2168 3667 volumina
2213 3600 2335 3668 Sili

575 3776 580 3781 ,
673 3709 812 3798 Qui
854 3710 1040 3794 legis
1086 3713 1154 3775 et
1198 3709 1392 3775 Latia
1437 3708 1727 3775 carmina
1774 3708 1971 3792 digna
2007 3711 2215 3791 'toga“
2269 3758 2285 3799 ἵ
2336 3758 2349 3772 .
2402 3760 2414 3773 .
2470 3758 2482 3771 .
2535 3757 2549 3772 .

351 3837 485 3881 non
565 3818 667 3881 est
751 3815 927 3899 quod
1010 3815 1410 3898 dubitemus,
1506 3816 1663 3900 quin
1714 3836 1824 3880 -eo
1912 3818 2231 3900 tempore,
2327 3834 2456 3898 quo
2538 3812 2697 3879 illud

355 3924 666 4009 scriptum
733 3926 908 4004 erat,
972 3924 1102 3991 iam
1166 3922 1311 4017 Silii
1378 3944 1638 3988 carmen
1702 3921 1805 3986 vel
1869 3943 2020 4006 pars
2087 3921 2223 3986 eius
2289 3940 2423 3985 non
2486 3920 2697 3987 solum

356 4031 695 4109 contexta,
763 4029 880 4096 sed
935 4029 1136 4096 etiam
1197 4029 1441 4115 publici
1493 4029 1655 4094 iuris
1710 4028 1889 4095 facta
1944 4028 2051 4096 sit.
2165 4028 2485 4106 Quoniam
2541 4049 2694 4094 vero

353 4136 913 4219 Friedlaenderus,
1007 4137 1190 4205 cuius
1279 4137 1403 4201 viri
1494 4135 1855 4203 doctissimi
1938 4156 2227 4201 summae
2320 4127 2724 4221 diligentiae'
